%YAML 1.1
%TAG !u! tag:unity3d.com,2011:
--- !u!1 &4265285104694205034
GameObject:
  m_ObjectHideFlags: 0
  m_CorrespondingSourceObject: {fileID: 0}
  m_PrefabInstance: {fileID: 0}
  m_PrefabAsset: {fileID: 0}
  serializedVersion: 6
  m_Component:
  - component: {fileID: 4265285104694205035}
  m_Layer: 0
  m_Name: FloodSalle2
  m_TagString: Untagged
  m_Icon: {fileID: 0}
  m_NavMeshLayer: 0
  m_StaticEditorFlags: 0
  m_IsActive: 1
--- !u!4 &4265285104694205035
Transform:
  m_ObjectHideFlags: 0
  m_CorrespondingSourceObject: {fileID: 0}
  m_PrefabInstance: {fileID: 0}
  m_PrefabAsset: {fileID: 0}
  m_GameObject: {fileID: 4265285104694205034}
  m_LocalRotation: {x: 0, y: 0, z: 0, w: 1}
  m_LocalPosition: {x: 0, y: 0, z: 0}
  m_LocalScale: {x: 1, y: 1, z: 1}
  m_Children:
  - {fileID: 9100617039618915394}
  - {fileID: 9100617038273319331}
  - {fileID: 9100617038982252368}
  - {fileID: 9100617039391922304}
  m_Father: {fileID: 0}
  m_RootOrder: 0
  m_LocalEulerAnglesHint: {x: 0, y: 0, z: 0}
--- !u!1001 &4265285104152066745
PrefabInstance:
  m_ObjectHideFlags: 0
  serializedVersion: 2
  m_Modification:
    m_TransformParent: {fileID: 4265285104694205035}
    m_Modifications:
    - target: {fileID: -4216859302048453862, guid: c23e11bf5f83a1443af96f284d7dfa31,
        type: 3}
      propertyPath: m_LocalPosition.x
      value: 7.058816
      objectReference: {fileID: 0}
    - target: {fileID: -4216859302048453862, guid: c23e11bf5f83a1443af96f284d7dfa31,
        type: 3}
      propertyPath: m_LocalPosition.y
      value: 0.09999746
      objectReference: {fileID: 0}
    - target: {fileID: -4216859302048453862, guid: c23e11bf5f83a1443af96f284d7dfa31,
        type: 3}
      propertyPath: m_LocalPosition.z
      value: 3.718953
      objectReference: {fileID: 0}
    - target: {fileID: -4216859302048453862, guid: c23e11bf5f83a1443af96f284d7dfa31,
        type: 3}
      propertyPath: m_LocalRotation.x
      value: -0.005451205
      objectReference: {fileID: 0}
    - target: {fileID: -4216859302048453862, guid: c23e11bf5f83a1443af96f284d7dfa31,
        type: 3}
      propertyPath: m_LocalRotation.y
      value: 0.0053901756
      objectReference: {fileID: 0}
    - target: {fileID: -4216859302048453862, guid: c23e11bf5f83a1443af96f284d7dfa31,
        type: 3}
      propertyPath: m_LocalRotation.z
      value: -0.0061276723
      objectReference: {fileID: 0}
    - target: {fileID: -4216859302048453862, guid: c23e11bf5f83a1443af96f284d7dfa31,
        type: 3}
      propertyPath: m_LocalRotation.w
      value: 0.99995184
      objectReference: {fileID: 0}
    - target: {fileID: -4216859302048453862, guid: c23e11bf5f83a1443af96f284d7dfa31,
        type: 3}
      propertyPath: m_RootOrder
      value: 1
      objectReference: {fileID: 0}
    - target: {fileID: -4216859302048453862, guid: c23e11bf5f83a1443af96f284d7dfa31,
        type: 3}
      propertyPath: m_LocalEulerAnglesHint.x
      value: -0.62100005
      objectReference: {fileID: 0}
    - target: {fileID: -4216859302048453862, guid: c23e11bf5f83a1443af96f284d7dfa31,
        type: 3}
      propertyPath: m_LocalEulerAnglesHint.y
      value: 0.62200004
      objectReference: {fileID: 0}
    - target: {fileID: -4216859302048453862, guid: c23e11bf5f83a1443af96f284d7dfa31,
        type: 3}
      propertyPath: m_LocalEulerAnglesHint.z
      value: -0.70600003
      objectReference: {fileID: 0}
    - target: {fileID: -4216859302048453862, guid: c23e11bf5f83a1443af96f284d7dfa31,
        type: 3}
      propertyPath: m_LocalScale.x
      value: 1.5
      objectReference: {fileID: 0}
    - target: {fileID: -4216859302048453862, guid: c23e11bf5f83a1443af96f284d7dfa31,
        type: 3}
      propertyPath: m_LocalScale.y
      value: 1.5
      objectReference: {fileID: 0}
    - target: {fileID: -4216859302048453862, guid: c23e11bf5f83a1443af96f284d7dfa31,
        type: 3}
      propertyPath: m_LocalScale.z
      value: 1.5
      objectReference: {fileID: 0}
    - target: {fileID: -1504981713932161579, guid: c23e11bf5f83a1443af96f284d7dfa31,
        type: 3}
      propertyPath: m_Materials.Array.data[0]
      value: 
      objectReference: {fileID: 2100000, guid: 0cb63b6d0608609468383d6ee655628c, type: 2}
    - target: {fileID: -1504981713932161579, guid: c23e11bf5f83a1443af96f284d7dfa31,
        type: 3}
      propertyPath: m_Materials.Array.data[1]
      value: 
      objectReference: {fileID: 2100000, guid: e368107346c3db945bc6ac6dd69c037b, type: 2}
    - target: {fileID: -927199367670048503, guid: c23e11bf5f83a1443af96f284d7dfa31,
        type: 3}
      propertyPath: m_Name
      value: "Asset_3D_D\xE9coration_Caisse_drapee_01"
      objectReference: {fileID: 0}
    m_RemovedComponents: []
  m_SourcePrefab: {fileID: 100100000, guid: c23e11bf5f83a1443af96f284d7dfa31, type: 3}
--- !u!4 &9100617038273319331 stripped
Transform:
  m_CorrespondingSourceObject: {fileID: -4216859302048453862, guid: c23e11bf5f83a1443af96f284d7dfa31,
    type: 3}
  m_PrefabInstance: {fileID: 4265285104152066745}
  m_PrefabAsset: {fileID: 0}
--- !u!1001 &4265285104860802122
PrefabInstance:
  m_ObjectHideFlags: 0
  serializedVersion: 2
  m_Modification:
    m_TransformParent: {fileID: 4265285104694205035}
    m_Modifications:
    - target: {fileID: -4216859302048453862, guid: e2775504dc04415408b1d9ec4771f7c0,
        type: 3}
      propertyPath: m_LocalPosition.x
      value: 5.2468615
      objectReference: {fileID: 0}
    - target: {fileID: -4216859302048453862, guid: e2775504dc04415408b1d9ec4771f7c0,
        type: 3}
      propertyPath: m_LocalPosition.y
      value: 0.72
      objectReference: {fileID: 0}
    - target: {fileID: -4216859302048453862, guid: e2775504dc04415408b1d9ec4771f7c0,
        type: 3}
      propertyPath: m_LocalPosition.z
      value: 1.6511275
      objectReference: {fileID: 0}
    - target: {fileID: -4216859302048453862, guid: e2775504dc04415408b1d9ec4771f7c0,
        type: 3}
      propertyPath: m_LocalRotation.x
      value: -0.027722739
      objectReference: {fileID: 0}
    - target: {fileID: -4216859302048453862, guid: e2775504dc04415408b1d9ec4771f7c0,
        type: 3}
      propertyPath: m_LocalRotation.y
      value: 0.7057034
      objectReference: {fileID: 0}
    - target: {fileID: -4216859302048453862, guid: e2775504dc04415408b1d9ec4771f7c0,
        type: 3}
      propertyPath: m_LocalRotation.z
      value: -0.66552436
      objectReference: {fileID: 0}
    - target: {fileID: -4216859302048453862, guid: e2775504dc04415408b1d9ec4771f7c0,
        type: 3}
      propertyPath: m_LocalRotation.w
      value: 0.2414366
      objectReference: {fileID: 0}
    - target: {fileID: -4216859302048453862, guid: e2775504dc04415408b1d9ec4771f7c0,
        type: 3}
      propertyPath: m_RootOrder
      value: 2
      objectReference: {fileID: 0}
    - target: {fileID: -4216859302048453862, guid: e2775504dc04415408b1d9ec4771f7c0,
        type: 3}
      propertyPath: m_LocalEulerAnglesHint.x
      value: 67.810005
      objectReference: {fileID: 0}
    - target: {fileID: -4216859302048453862, guid: e2775504dc04415408b1d9ec4771f7c0,
        type: 3}
      propertyPath: m_LocalEulerAnglesHint.y
      value: 89.632
      objectReference: {fileID: 0}
    - target: {fileID: -4216859302048453862, guid: e2775504dc04415408b1d9ec4771f7c0,
        type: 3}
      propertyPath: m_LocalEulerAnglesHint.z
      value: -72.651
      objectReference: {fileID: 0}
    - target: {fileID: -1504981713932161579, guid: e2775504dc04415408b1d9ec4771f7c0,
        type: 3}
      propertyPath: m_Materials.Array.data[0]
      value: 
      objectReference: {fileID: 2100000, guid: 0cb63b6d0608609468383d6ee655628c, type: 2}
    - target: {fileID: -927199367670048503, guid: e2775504dc04415408b1d9ec4771f7c0,
        type: 3}
      propertyPath: m_Name
      value: "Asset_3D_D\xE9coration_echele_01"
      objectReference: {fileID: 0}
    m_RemovedComponents: []
  m_SourcePrefab: {fileID: 100100000, guid: e2775504dc04415408b1d9ec4771f7c0, type: 3}
--- !u!4 &9100617038982252368 stripped
Transform:
  m_CorrespondingSourceObject: {fileID: -4216859302048453862, guid: e2775504dc04415408b1d9ec4771f7c0,
    type: 3}
  m_PrefabInstance: {fileID: 4265285104860802122}
  m_PrefabAsset: {fileID: 0}
--- !u!1001 &4265285105251726234
PrefabInstance:
  m_ObjectHideFlags: 0
  serializedVersion: 2
  m_Modification:
    m_TransformParent: {fileID: 4265285104694205035}
    m_Modifications:
    - target: {fileID: -4216859302048453862, guid: c519ae7804136294891e95cb571d22c6,
        type: 3}
      propertyPath: m_LocalPosition.x
      value: 7.1230917
      objectReference: {fileID: 0}
    - target: {fileID: -4216859302048453862, guid: c519ae7804136294891e95cb571d22c6,
        type: 3}
      propertyPath: m_LocalPosition.y
      value: 0.10064551
      objectReference: {fileID: 0}
    - target: {fileID: -4216859302048453862, guid: c519ae7804136294891e95cb571d22c6,
        type: 3}
      propertyPath: m_LocalPosition.z
      value: 2.0605588
      objectReference: {fileID: 0}
    - target: {fileID: -4216859302048453862, guid: c519ae7804136294891e95cb571d22c6,
        type: 3}
      propertyPath: m_LocalRotation.x
      value: -0
      objectReference: {fileID: 0}
    - target: {fileID: -4216859302048453862, guid: c519ae7804136294891e95cb571d22c6,
        type: 3}
      propertyPath: m_LocalRotation.y
      value: -0
      objectReference: {fileID: 0}
    - target: {fileID: -4216859302048453862, guid: c519ae7804136294891e95cb571d22c6,
        type: 3}
      propertyPath: m_LocalRotation.z
      value: -0
      objectReference: {fileID: 0}
    - target: {fileID: -4216859302048453862, guid: c519ae7804136294891e95cb571d22c6,
        type: 3}
      propertyPath: m_LocalRotation.w
      value: 1
      objectReference: {fileID: 0}
    - target: {fileID: -4216859302048453862, guid: c519ae7804136294891e95cb571d22c6,
        type: 3}
      propertyPath: m_RootOrder
      value: 3
      objectReference: {fileID: 0}
    - target: {fileID: -4216859302048453862, guid: c519ae7804136294891e95cb571d22c6,
        type: 3}
      propertyPath: m_LocalEulerAnglesHint.x
      value: 0
      objectReference: {fileID: 0}
    - target: {fileID: -4216859302048453862, guid: c519ae7804136294891e95cb571d22c6,
        type: 3}
      propertyPath: m_LocalEulerAnglesHint.y
      value: 0
      objectReference: {fileID: 0}
    - target: {fileID: -4216859302048453862, guid: c519ae7804136294891e95cb571d22c6,
        type: 3}
      propertyPath: m_LocalEulerAnglesHint.z
      value: 0
      objectReference: {fileID: 0}
    - target: {fileID: -927199367670048503, guid: c519ae7804136294891e95cb571d22c6,
        type: 3}
      propertyPath: m_Name
      value: "Asset_3D_D\xE9coration_bazard_01"
      objectReference: {fileID: 0}
    m_RemovedComponents: []
  m_SourcePrefab: {fileID: 100100000, guid: c519ae7804136294891e95cb571d22c6, type: 3}
--- !u!4 &9100617039391922304 stripped
Transform:
  m_CorrespondingSourceObject: {fileID: -4216859302048453862, guid: c519ae7804136294891e95cb571d22c6,
    type: 3}
  m_PrefabInstance: {fileID: 4265285105251726234}
  m_PrefabAsset: {fileID: 0}
--- !u!1001 &4265285105494497112
PrefabInstance:
  m_ObjectHideFlags: 0
  serializedVersion: 2
  m_Modification:
    m_TransformParent: {fileID: 4265285104694205035}
    m_Modifications:
    - target: {fileID: -4216859302048453862, guid: a453148aab9ee184c9d8beb9ad52692f,
        type: 3}
      propertyPath: m_LocalPosition.x
      value: 8.51
      objectReference: {fileID: 0}
    - target: {fileID: -4216859302048453862, guid: a453148aab9ee184c9d8beb9ad52692f,
        type: 3}
      propertyPath: m_LocalPosition.y
      value: 0.5
      objectReference: {fileID: 0}
    - target: {fileID: -4216859302048453862, guid: a453148aab9ee184c9d8beb9ad52692f,
        type: 3}
      propertyPath: m_LocalPosition.z
      value: 1.5495827
      objectReference: {fileID: 0}
    - target: {fileID: -4216859302048453862, guid: a453148aab9ee184c9d8beb9ad52692f,
        type: 3}
      propertyPath: m_LocalRotation.x
      value: -0
      objectReference: {fileID: 0}
    - target: {fileID: -4216859302048453862, guid: a453148aab9ee184c9d8beb9ad52692f,
        type: 3}
      propertyPath: m_LocalRotation.y
      value: -0
      objectReference: {fileID: 0}
    - target: {fileID: -4216859302048453862, guid: a453148aab9ee184c9d8beb9ad52692f,
        type: 3}
      propertyPath: m_LocalRotation.z
      value: -0
      objectReference: {fileID: 0}
    - target: {fileID: -4216859302048453862, guid: a453148aab9ee184c9d8beb9ad52692f,
        type: 3}
      propertyPath: m_LocalRotation.w
      value: 1
      objectReference: {fileID: 0}
    - target: {fileID: -4216859302048453862, guid: a453148aab9ee184c9d8beb9ad52692f,
        type: 3}
      propertyPath: m_RootOrder
      value: 0
      objectReference: {fileID: 0}
    - target: {fileID: -4216859302048453862, guid: a453148aab9ee184c9d8beb9ad52692f,
        type: 3}
      propertyPath: m_LocalEulerAnglesHint.x
      value: 0
      objectReference: {fileID: 0}
    - target: {fileID: -4216859302048453862, guid: a453148aab9ee184c9d8beb9ad52692f,
        type: 3}
      propertyPath: m_LocalEulerAnglesHint.y
      value: 0
      objectReference: {fileID: 0}
    - target: {fileID: -4216859302048453862, guid: a453148aab9ee184c9d8beb9ad52692f,
        type: 3}
      propertyPath: m_LocalEulerAnglesHint.z
      value: 0
      objectReference: {fileID: 0}
    - target: {fileID: -4216859302048453862, guid: a453148aab9ee184c9d8beb9ad52692f,
        type: 3}
      propertyPath: m_LocalScale.x
      value: 2
      objectReference: {fileID: 0}
    - target: {fileID: -4216859302048453862, guid: a453148aab9ee184c9d8beb9ad52692f,
        type: 3}
      propertyPath: m_LocalScale.z
      value: 2
      objectReference: {fileID: 0}
    - target: {fileID: -4216859302048453862, guid: a453148aab9ee184c9d8beb9ad52692f,
        type: 3}
      propertyPath: m_LocalScale.y
      value: 2
      objectReference: {fileID: 0}
    - target: {fileID: -1504981713932161579, guid: a453148aab9ee184c9d8beb9ad52692f,
        type: 3}
      propertyPath: m_Materials.Array.data[0]
      value: 
      objectReference: {fileID: 2100000, guid: 48d87051ce248904391cdc85701cba53, type: 2}
    - target: {fileID: -1504981713932161579, guid: a453148aab9ee184c9d8beb9ad52692f,
        type: 3}
      propertyPath: m_Materials.Array.data[1]
      value: 
      objectReference: {fileID: 2100000, guid: 0cb63b6d0608609468383d6ee655628c, type: 2}
    - target: {fileID: -1504981713932161579, guid: a453148aab9ee184c9d8beb9ad52692f,
        type: 3}
      propertyPath: m_Materials.Array.data[2]
      value: 
      objectReference: {fileID: 2100000, guid: e20245a2ba376af4f840d49e6defc789, type: 2}
    - target: {fileID: -1504981713932161579, guid: a453148aab9ee184c9d8beb9ad52692f,
        type: 3}
      propertyPath: m_Materials.Array.data[3]
      value: 
      objectReference: {fileID: 2100000, guid: e368107346c3db945bc6ac6dd69c037b, type: 2}
    - target: {fileID: -1504981713932161579, guid: a453148aab9ee184c9d8beb9ad52692f,
        type: 3}
      propertyPath: m_Materials.Array.data[4]
      value: 
      objectReference: {fileID: 2100000, guid: 1528db3417d82ff42be3157da5f16f30, type: 2}
    - target: {fileID: -927199367670048503, guid: a453148aab9ee184c9d8beb9ad52692f,
        type: 3}
      propertyPath: m_Name
      value: "Asset_3D_D\xE9coration_Caisse_multiple"
      objectReference: {fileID: 0}
    m_RemovedComponents: []
  m_SourcePrefab: {fileID: 100100000, guid: a453148aab9ee184c9d8beb9ad52692f, type: 3}
--- !u!4 &9100617039618915394 stripped
Transform:
  m_CorrespondingSourceObject: {fileID: -4216859302048453862, guid: a453148aab9ee184c9d8beb9ad52692f,
    type: 3}
  m_PrefabInstance: {fileID: 4265285105494497112}
  m_PrefabAsset: {fileID: 0}
