%YAML 1.1
%TAG !u! tag:unity3d.com,2011:
--- !u!65 &2218369489586407919
BoxCollider:
  m_ObjectHideFlags: 0
  m_CorrespondingSourceObject: {fileID: 0}
  m_PrefabInstance: {fileID: 0}
  m_PrefabAsset: {fileID: 0}
  m_GameObject: {fileID: 1262385722505737171}
  m_Material: {fileID: 0}
  m_IsTrigger: 0
  m_Enabled: 1
  serializedVersion: 2
  m_Size: {x: 0.111253686, y: 5, z: 1.0480187}
  m_Center: {x: 0.05562926, y: 2.5, z: 0.0007366538}
--- !u!114 &3535926228691519238
MonoBehaviour:
  m_ObjectHideFlags: 0
  m_CorrespondingSourceObject: {fileID: 0}
  m_PrefabInstance: {fileID: 0}
  m_PrefabAsset: {fileID: 0}
  m_GameObject: {fileID: 1262385722505737171}
  m_Enabled: 1
  m_EditorHideFlags: 0
  m_Script: {fileID: 11500000, guid: 57111cc3aa3c0aa4a98b03be6d74c3a6, type: 3}
  m_Name: 
  m_EditorClassIdentifier: 
  OriginMat:
  - {fileID: 2100000, guid: cd723f97a09a60c448f658f26c70cb6a, type: 2}
  MatWall: []
  MaterialSlot: {fileID: 0}
  IdSalle: 0
--- !u!1 &2096681302019742273
GameObject:
  m_ObjectHideFlags: 0
  m_CorrespondingSourceObject: {fileID: 0}
  m_PrefabInstance: {fileID: 0}
  m_PrefabAsset: {fileID: 0}
  serializedVersion: 6
  m_Component:
  - component: {fileID: 565845987466317458}
  m_Layer: 0
  m_Name: Behind
  m_TagString: Untagged
  m_Icon: {fileID: 0}
  m_NavMeshLayer: 0
  m_StaticEditorFlags: 0
  m_IsActive: 1
--- !u!4 &565845987466317458
Transform:
  m_ObjectHideFlags: 0
  m_CorrespondingSourceObject: {fileID: 0}
  m_PrefabInstance: {fileID: 0}
  m_PrefabAsset: {fileID: 0}
  m_GameObject: {fileID: 2096681302019742273}
  m_LocalRotation: {x: 0, y: 0, z: 0, w: 1}
  m_LocalPosition: {x: -0.2, y: 2.5, z: 0}
  m_LocalScale: {x: 1, y: 1, z: 1}
  m_Children: []
  m_Father: {fileID: 7347022729990351502}
  m_RootOrder: 3
  m_LocalEulerAnglesHint: {x: 0, y: 0, z: 0}
--- !u!1 &2139017574686261418
GameObject:
  m_ObjectHideFlags: 0
  m_CorrespondingSourceObject: {fileID: 0}
  m_PrefabInstance: {fileID: 0}
  m_PrefabAsset: {fileID: 0}
  serializedVersion: 6
  m_Component:
  - component: {fileID: 7347022729990351502}
  - component: {fileID: 5153237175573298493}
  - component: {fileID: 2978026389795499311}
  m_Layer: 8
  m_Name: PrefabWall002
  m_TagString: Untagged
  m_Icon: {fileID: 0}
  m_NavMeshLayer: 0
  m_StaticEditorFlags: 0
  m_IsActive: 1
--- !u!4 &7347022729990351502
Transform:
  m_ObjectHideFlags: 0
  m_CorrespondingSourceObject: {fileID: 0}
  m_PrefabInstance: {fileID: 0}
  m_PrefabAsset: {fileID: 0}
  m_GameObject: {fileID: 2139017574686261418}
  m_LocalRotation: {x: 0, y: 0, z: 0, w: 1}
  m_LocalPosition: {x: -7.76, y: 0, z: 12.72}
  m_LocalScale: {x: 1, y: 1, z: 1}
  m_Children:
  - {fileID: 6033362861975322726}
  - {fileID: 2873222863323414976}
  - {fileID: 8579937745731370313}
  - {fileID: 565845987466317458}
  - {fileID: 5153237174373498450}
  - {fileID: 5153237173780143834}
  m_Father: {fileID: 0}
  m_RootOrder: 0
  m_LocalEulerAnglesHint: {x: 0, y: 0, z: 0}
--- !u!114 &5153237175573298493
MonoBehaviour:
  m_ObjectHideFlags: 0
  m_CorrespondingSourceObject: {fileID: 0}
  m_PrefabInstance: {fileID: 0}
  m_PrefabAsset: {fileID: 0}
  m_GameObject: {fileID: 2139017574686261418}
  m_Enabled: 1
  m_EditorHideFlags: 0
  m_Script: {fileID: 11500000, guid: 1d0850bfbf77eda4a8559b3759c0352d, type: 3}
  m_Name: 
  m_EditorClassIdentifier: 
  IsBorder: 0
  CantPlaceTableauFront: 0
  CantPlaceTableauBehind: 0
  oneShoot: 0
  WallHeight: 5
  WallRemain: 5
  HaveTableauFront: 0
  HaveTableauBehind: 0
  RefTableauFront:
  - {fileID: 0}
  RefTableauBehind:
  - {fileID: 0}
  PosTableauFront: {fileID: 0}
  PosTableauBehind: {fileID: 0}
  PosInArray: {x: 0, y: 0, z: 0}
  orientation: 0
--- !u!65 &2978026389795499311
BoxCollider:
  m_ObjectHideFlags: 0
  m_CorrespondingSourceObject: {fileID: 0}
  m_PrefabInstance: {fileID: 0}
  m_PrefabAsset: {fileID: 0}
  m_GameObject: {fileID: 2139017574686261418}
  m_Material: {fileID: 0}
  m_IsTrigger: 0
  m_Enabled: 0
  serializedVersion: 2
  m_Size: {x: 0.2, y: 3, z: 1.1}
  m_Center: {x: -0.1, y: 1.5, z: 0}
--- !u!1 &5153237173780143835
GameObject:
  m_ObjectHideFlags: 0
  m_CorrespondingSourceObject: {fileID: 0}
  m_PrefabInstance: {fileID: 0}
  m_PrefabAsset: {fileID: 0}
  serializedVersion: 6
  m_Component:
  - component: {fileID: 5153237173780143834}
  - component: {fileID: 5153237173780143833}
  m_Layer: 0
  m_Name: BehindWall
  m_TagString: Wall
  m_Icon: {fileID: 0}
  m_NavMeshLayer: 0
  m_StaticEditorFlags: 0
  m_IsActive: 0
--- !u!4 &5153237173780143834
Transform:
  m_ObjectHideFlags: 0
  m_CorrespondingSourceObject: {fileID: 0}
  m_PrefabInstance: {fileID: 0}
  m_PrefabAsset: {fileID: 0}
  m_GameObject: {fileID: 5153237173780143835}
  m_LocalRotation: {x: 0, y: 0, z: 0, w: 1}
  m_LocalPosition: {x: 0, y: 0, z: 0}
  m_LocalScale: {x: 1, y: 1, z: 1}
  m_Children: []
  m_Father: {fileID: 7347022729990351502}
  m_RootOrder: 5
  m_LocalEulerAnglesHint: {x: 0, y: 0, z: 0}
--- !u!65 &5153237173780143833
BoxCollider:
  m_ObjectHideFlags: 0
  m_CorrespondingSourceObject: {fileID: 0}
  m_PrefabInstance: {fileID: 0}
  m_PrefabAsset: {fileID: 0}
  m_GameObject: {fileID: 5153237173780143835}
  m_Material: {fileID: 0}
  m_IsTrigger: 0
  m_Enabled: 1
  serializedVersion: 2
  m_Size: {x: 0.2, y: 3, z: 1.1}
  m_Center: {x: -0.1, y: 1.5, z: 0}
--- !u!1 &5153237174373498451
GameObject:
  m_ObjectHideFlags: 0
  m_CorrespondingSourceObject: {fileID: 0}
  m_PrefabInstance: {fileID: 0}
  m_PrefabAsset: {fileID: 0}
  serializedVersion: 6
  m_Component:
  - component: {fileID: 5153237174373498450}
  - component: {fileID: 5153237174373498449}
  m_Layer: 0
  m_Name: FrontWall
  m_TagString: Wall
  m_Icon: {fileID: 0}
  m_NavMeshLayer: 0
  m_StaticEditorFlags: 0
  m_IsActive: 0
--- !u!4 &5153237174373498450
Transform:
  m_ObjectHideFlags: 0
  m_CorrespondingSourceObject: {fileID: 0}
  m_PrefabInstance: {fileID: 0}
  m_PrefabAsset: {fileID: 0}
  m_GameObject: {fileID: 5153237174373498451}
  m_LocalRotation: {x: 0, y: 0, z: 0, w: 1}
  m_LocalPosition: {x: 0, y: 0, z: 0}
  m_LocalScale: {x: 1, y: 1, z: 1}
  m_Children: []
  m_Father: {fileID: 7347022729990351502}
  m_RootOrder: 4
  m_LocalEulerAnglesHint: {x: 0, y: 0, z: 0}
--- !u!65 &5153237174373498449
BoxCollider:
  m_ObjectHideFlags: 0
  m_CorrespondingSourceObject: {fileID: 0}
  m_PrefabInstance: {fileID: 0}
  m_PrefabAsset: {fileID: 0}
  m_GameObject: {fileID: 5153237174373498451}
  m_Material: {fileID: 0}
  m_IsTrigger: 0
  m_Enabled: 1
  serializedVersion: 2
  m_Size: {x: 0.2, y: 3, z: 1.1}
  m_Center: {x: 0.1, y: 1.5, z: 0}
--- !u!1 &5966375429663405291
GameObject:
  m_ObjectHideFlags: 0
  m_CorrespondingSourceObject: {fileID: 0}
  m_PrefabInstance: {fileID: 0}
  m_PrefabAsset: {fileID: 0}
  serializedVersion: 6
  m_Component:
  - component: {fileID: 8579937745731370313}
  m_Layer: 0
  m_Name: Front
  m_TagString: Untagged
  m_Icon: {fileID: 0}
  m_NavMeshLayer: 0
  m_StaticEditorFlags: 0
  m_IsActive: 1
--- !u!4 &8579937745731370313
Transform:
  m_ObjectHideFlags: 0
  m_CorrespondingSourceObject: {fileID: 0}
  m_PrefabInstance: {fileID: 0}
  m_PrefabAsset: {fileID: 0}
  m_GameObject: {fileID: 5966375429663405291}
  m_LocalRotation: {x: 0, y: -0.7071068, z: 0, w: 0.7071068}
  m_LocalPosition: {x: 0.2, y: 2.5, z: 0}
  m_LocalScale: {x: 1, y: 1, z: 1}
  m_Children: []
  m_Father: {fileID: 7347022729990351502}
  m_RootOrder: 2
  m_LocalEulerAnglesHint: {x: 0, y: -90, z: 0}
--- !u!65 &7612230387131555873
BoxCollider:
  m_ObjectHideFlags: 0
  m_CorrespondingSourceObject: {fileID: 0}
  m_PrefabInstance: {fileID: 0}
  m_PrefabAsset: {fileID: 0}
  m_GameObject: {fileID: 7341314165354803829}
  m_Material: {fileID: 0}
  m_IsTrigger: 0
  m_Enabled: 1
  serializedVersion: 2
  m_Size: {x: 0.111253686, y: 5, z: 1.0480187}
  m_Center: {x: 0.05562926, y: 2.5, z: 0.0007366538}
--- !u!114 &8706031884536021957
MonoBehaviour:
  m_ObjectHideFlags: 0
  m_CorrespondingSourceObject: {fileID: 0}
  m_PrefabInstance: {fileID: 0}
  m_PrefabAsset: {fileID: 0}
  m_GameObject: {fileID: 7341314165354803829}
  m_Enabled: 1
  m_EditorHideFlags: 0
  m_Script: {fileID: 11500000, guid: 57111cc3aa3c0aa4a98b03be6d74c3a6, type: 3}
  m_Name: 
  m_EditorClassIdentifier: 
  OriginMat:
  - {fileID: 2100000, guid: cd723f97a09a60c448f658f26c70cb6a, type: 2}
  MatWall: []
  MaterialSlot: {fileID: 0}
  IdSalle: 0
--- !u!1001 &2470083494838396449
PrefabInstance:
  m_ObjectHideFlags: 0
  serializedVersion: 2
  m_Modification:
    m_TransformParent: {fileID: 7347022729990351502}
    m_Modifications:
    - target: {fileID: 5163070825798161492, guid: c88d42e8cfffe8849994591de3cf076b,
        type: 3}
      propertyPath: m_Name
      value: BehindWall
      objectReference: {fileID: 0}
    - target: {fileID: 5163070825798161492, guid: c88d42e8cfffe8849994591de3cf076b,
        type: 3}
      propertyPath: m_TagString
      value: Wall
      objectReference: {fileID: 0}
    - target: {fileID: 8213915185089816135, guid: c88d42e8cfffe8849994591de3cf076b,
        type: 3}
      propertyPath: m_LocalPosition.x
      value: 0
      objectReference: {fileID: 0}
    - target: {fileID: 8213915185089816135, guid: c88d42e8cfffe8849994591de3cf076b,
        type: 3}
      propertyPath: m_LocalPosition.y
      value: 0
      objectReference: {fileID: 0}
    - target: {fileID: 8213915185089816135, guid: c88d42e8cfffe8849994591de3cf076b,
        type: 3}
      propertyPath: m_LocalPosition.z
      value: 0
      objectReference: {fileID: 0}
    - target: {fileID: 8213915185089816135, guid: c88d42e8cfffe8849994591de3cf076b,
        type: 3}
      propertyPath: m_LocalRotation.x
      value: 0
      objectReference: {fileID: 0}
    - target: {fileID: 8213915185089816135, guid: c88d42e8cfffe8849994591de3cf076b,
        type: 3}
      propertyPath: m_LocalRotation.y
      value: 1
      objectReference: {fileID: 0}
    - target: {fileID: 8213915185089816135, guid: c88d42e8cfffe8849994591de3cf076b,
        type: 3}
      propertyPath: m_LocalRotation.z
      value: 0
      objectReference: {fileID: 0}
    - target: {fileID: 8213915185089816135, guid: c88d42e8cfffe8849994591de3cf076b,
        type: 3}
      propertyPath: m_LocalRotation.w
      value: 0
      objectReference: {fileID: 0}
    - target: {fileID: 8213915185089816135, guid: c88d42e8cfffe8849994591de3cf076b,
        type: 3}
      propertyPath: m_RootOrder
      value: 0
      objectReference: {fileID: 0}
    - target: {fileID: 8213915185089816135, guid: c88d42e8cfffe8849994591de3cf076b,
        type: 3}
      propertyPath: m_LocalEulerAnglesHint.x
      value: 0
      objectReference: {fileID: 0}
    - target: {fileID: 8213915185089816135, guid: c88d42e8cfffe8849994591de3cf076b,
        type: 3}
      propertyPath: m_LocalEulerAnglesHint.y
      value: 180
      objectReference: {fileID: 0}
    - target: {fileID: 8213915185089816135, guid: c88d42e8cfffe8849994591de3cf076b,
        type: 3}
      propertyPath: m_LocalEulerAnglesHint.z
      value: 0
      objectReference: {fileID: 0}
    m_RemovedComponents: []
  m_SourcePrefab: {fileID: 100100000, guid: c88d42e8cfffe8849994591de3cf076b, type: 3}
--- !u!1 &7341314165354803829 stripped
GameObject:
  m_CorrespondingSourceObject: {fileID: 5163070825798161492, guid: c88d42e8cfffe8849994591de3cf076b,
    type: 3}
  m_PrefabInstance: {fileID: 2470083494838396449}
  m_PrefabAsset: {fileID: 0}
--- !u!4 &6033362861975322726 stripped
Transform:
  m_CorrespondingSourceObject: {fileID: 8213915185089816135, guid: c88d42e8cfffe8849994591de3cf076b,
    type: 3}
  m_PrefabInstance: {fileID: 2470083494838396449}
  m_PrefabAsset: {fileID: 0}
--- !u!1001 &6206537185829283719
PrefabInstance:
  m_ObjectHideFlags: 0
  serializedVersion: 2
  m_Modification:
    m_TransformParent: {fileID: 7347022729990351502}
    m_Modifications:
    - target: {fileID: 5163070825798161492, guid: c88d42e8cfffe8849994591de3cf076b,
        type: 3}
      propertyPath: m_Name
      value: FrontWall
      objectReference: {fileID: 0}
    - target: {fileID: 5163070825798161492, guid: c88d42e8cfffe8849994591de3cf076b,
        type: 3}
      propertyPath: m_TagString
      value: Wall
      objectReference: {fileID: 0}
    - target: {fileID: 8213915185089816135, guid: c88d42e8cfffe8849994591de3cf076b,
        type: 3}
      propertyPath: m_LocalPosition.x
      value: 0
      objectReference: {fileID: 0}
    - target: {fileID: 8213915185089816135, guid: c88d42e8cfffe8849994591de3cf076b,
        type: 3}
      propertyPath: m_LocalPosition.y
      value: 0
      objectReference: {fileID: 0}
    - target: {fileID: 8213915185089816135, guid: c88d42e8cfffe8849994591de3cf076b,
        type: 3}
      propertyPath: m_LocalPosition.z
      value: 0
      objectReference: {fileID: 0}
    - target: {fileID: 8213915185089816135, guid: c88d42e8cfffe8849994591de3cf076b,
        type: 3}
      propertyPath: m_LocalRotation.x
      value: 0
      objectReference: {fileID: 0}
    - target: {fileID: 8213915185089816135, guid: c88d42e8cfffe8849994591de3cf076b,
        type: 3}
      propertyPath: m_LocalRotation.y
      value: 0
      objectReference: {fileID: 0}
    - target: {fileID: 8213915185089816135, guid: c88d42e8cfffe8849994591de3cf076b,
        type: 3}
      propertyPath: m_LocalRotation.z
      value: 0
      objectReference: {fileID: 0}
    - target: {fileID: 8213915185089816135, guid: c88d42e8cfffe8849994591de3cf076b,
        type: 3}
      propertyPath: m_LocalRotation.w
      value: 1
      objectReference: {fileID: 0}
    - target: {fileID: 8213915185089816135, guid: c88d42e8cfffe8849994591de3cf076b,
        type: 3}
      propertyPath: m_RootOrder
      value: 1
      objectReference: {fileID: 0}
    - target: {fileID: 8213915185089816135, guid: c88d42e8cfffe8849994591de3cf076b,
        type: 3}
      propertyPath: m_LocalEulerAnglesHint.x
      value: 0
      objectReference: {fileID: 0}
    - target: {fileID: 8213915185089816135, guid: c88d42e8cfffe8849994591de3cf076b,
        type: 3}
      propertyPath: m_LocalEulerAnglesHint.y
      value: 0
      objectReference: {fileID: 0}
    - target: {fileID: 8213915185089816135, guid: c88d42e8cfffe8849994591de3cf076b,
        type: 3}
      propertyPath: m_LocalEulerAnglesHint.z
      value: 0
      objectReference: {fileID: 0}
    m_RemovedComponents: []
  m_SourcePrefab: {fileID: 100100000, guid: c88d42e8cfffe8849994591de3cf076b, type: 3}
--- !u!1 &1262385722505737171 stripped
GameObject:
  m_CorrespondingSourceObject: {fileID: 5163070825798161492, guid: c88d42e8cfffe8849994591de3cf076b,
    type: 3}
  m_PrefabInstance: {fileID: 6206537185829283719}
  m_PrefabAsset: {fileID: 0}
--- !u!4 &2873222863323414976 stripped
Transform:
  m_CorrespondingSourceObject: {fileID: 8213915185089816135, guid: c88d42e8cfffe8849994591de3cf076b,
    type: 3}
  m_PrefabInstance: {fileID: 6206537185829283719}
  m_PrefabAsset: {fileID: 0}
