%YAML 1.1
%TAG !u! tag:unity3d.com,2011:
--- !u!1 &778562547332383852
GameObject:
  m_ObjectHideFlags: 0
  m_CorrespondingSourceObject: {fileID: 0}
  m_PrefabInstance: {fileID: 0}
  m_PrefabAsset: {fileID: 0}
  serializedVersion: 6
  m_Component:
  - component: {fileID: 3391456532147703246}
  m_Layer: 0
  m_Name: Front
  m_TagString: Untagged
  m_Icon: {fileID: 0}
  m_NavMeshLayer: 0
  m_StaticEditorFlags: 0
  m_IsActive: 1
--- !u!4 &3391456532147703246
Transform:
  m_ObjectHideFlags: 0
  m_CorrespondingSourceObject: {fileID: 0}
  m_PrefabInstance: {fileID: 0}
  m_PrefabAsset: {fileID: 0}
  m_GameObject: {fileID: 778562547332383852}
  m_LocalRotation: {x: 0, y: -0.7071068, z: 0, w: 0.7071068}
  m_LocalPosition: {x: 0.2, y: 2.5, z: 0}
  m_LocalScale: {x: 1, y: 1, z: 1}
  m_Children: []
  m_Father: {fileID: 4465053411461863945}
  m_RootOrder: 2
  m_LocalEulerAnglesHint: {x: 0, y: -90, z: 0}
--- !u!1 &2270141576852270684
GameObject:
  m_ObjectHideFlags: 0
  m_CorrespondingSourceObject: {fileID: 0}
  m_PrefabInstance: {fileID: 0}
  m_PrefabAsset: {fileID: 0}
  serializedVersion: 6
  m_Component:
  - component: {fileID: 2270141576852270685}
  - component: {fileID: 2270141576852270686}
  m_Layer: 0
  m_Name: BehindWall
  m_TagString: Wall
  m_Icon: {fileID: 0}
  m_NavMeshLayer: 0
  m_StaticEditorFlags: 0
  m_IsActive: 0
--- !u!4 &2270141576852270685
Transform:
  m_ObjectHideFlags: 0
  m_CorrespondingSourceObject: {fileID: 0}
  m_PrefabInstance: {fileID: 0}
  m_PrefabAsset: {fileID: 0}
  m_GameObject: {fileID: 2270141576852270684}
  m_LocalRotation: {x: 0, y: 0, z: 0, w: 1}
  m_LocalPosition: {x: 0, y: 0, z: 0}
  m_LocalScale: {x: 1, y: 1, z: 1}
  m_Children: []
  m_Father: {fileID: 4465053411461863945}
  m_RootOrder: 5
  m_LocalEulerAnglesHint: {x: 0, y: 0, z: 0}
--- !u!65 &2270141576852270686
BoxCollider:
  m_ObjectHideFlags: 0
  m_CorrespondingSourceObject: {fileID: 0}
  m_PrefabInstance: {fileID: 0}
  m_PrefabAsset: {fileID: 0}
  m_GameObject: {fileID: 2270141576852270684}
  m_Material: {fileID: 0}
  m_IsTrigger: 0
  m_Enabled: 1
  serializedVersion: 2
  m_Size: {x: 0.2, y: 3, z: 1.1}
  m_Center: {x: -0.1, y: 1.5, z: 0}
--- !u!1 &2270141577307459284
GameObject:
  m_ObjectHideFlags: 0
  m_CorrespondingSourceObject: {fileID: 0}
  m_PrefabInstance: {fileID: 0}
  m_PrefabAsset: {fileID: 0}
  serializedVersion: 6
  m_Component:
  - component: {fileID: 2270141577307459285}
  - component: {fileID: 2270141577307459286}
  m_Layer: 0
  m_Name: FrontWall
  m_TagString: Wall
  m_Icon: {fileID: 0}
  m_NavMeshLayer: 0
  m_StaticEditorFlags: 0
  m_IsActive: 0
--- !u!4 &2270141577307459285
Transform:
  m_ObjectHideFlags: 0
  m_CorrespondingSourceObject: {fileID: 0}
  m_PrefabInstance: {fileID: 0}
  m_PrefabAsset: {fileID: 0}
  m_GameObject: {fileID: 2270141577307459284}
  m_LocalRotation: {x: 0, y: 0, z: 0, w: 1}
  m_LocalPosition: {x: 0, y: 0, z: 0}
  m_LocalScale: {x: 1, y: 1, z: 1}
  m_Children: []
  m_Father: {fileID: 4465053411461863945}
  m_RootOrder: 4
  m_LocalEulerAnglesHint: {x: 0, y: 0, z: 0}
--- !u!65 &2270141577307459286
BoxCollider:
  m_ObjectHideFlags: 0
  m_CorrespondingSourceObject: {fileID: 0}
  m_PrefabInstance: {fileID: 0}
  m_PrefabAsset: {fileID: 0}
  m_GameObject: {fileID: 2270141577307459284}
  m_Material: {fileID: 0}
  m_IsTrigger: 0
  m_Enabled: 1
  serializedVersion: 2
  m_Size: {x: 0.2, y: 3, z: 1.1}
  m_Center: {x: 0.1, y: 1.5, z: 0}
--- !u!1 &4979354862040394438
GameObject:
  m_ObjectHideFlags: 0
  m_CorrespondingSourceObject: {fileID: 0}
  m_PrefabInstance: {fileID: 0}
  m_PrefabAsset: {fileID: 0}
  serializedVersion: 6
  m_Component:
  - component: {fileID: 6906439052382027285}
  m_Layer: 0
  m_Name: Behind
  m_TagString: Untagged
  m_Icon: {fileID: 0}
  m_NavMeshLayer: 0
  m_StaticEditorFlags: 0
  m_IsActive: 1
--- !u!4 &6906439052382027285
Transform:
  m_ObjectHideFlags: 0
  m_CorrespondingSourceObject: {fileID: 0}
  m_PrefabInstance: {fileID: 0}
  m_PrefabAsset: {fileID: 0}
  m_GameObject: {fileID: 4979354862040394438}
  m_LocalRotation: {x: 0, y: 0, z: 0, w: 1}
  m_LocalPosition: {x: -0.2, y: 2.5, z: 0}
  m_LocalScale: {x: 1, y: 1, z: 1}
  m_Children: []
  m_Father: {fileID: 4465053411461863945}
  m_RootOrder: 3
  m_LocalEulerAnglesHint: {x: 0, y: 0, z: 0}
--- !u!1 &5020811486883295277
GameObject:
  m_ObjectHideFlags: 0
  m_CorrespondingSourceObject: {fileID: 0}
  m_PrefabInstance: {fileID: 0}
  m_PrefabAsset: {fileID: 0}
  serializedVersion: 6
  m_Component:
  - component: {fileID: 4465053411461863945}
  - component: {fileID: 2270141578527706554}
  - component: {fileID: 8166929850219683240}
  m_Layer: 8
  m_Name: PrefabWal004
  m_TagString: Untagged
  m_Icon: {fileID: 0}
  m_NavMeshLayer: 0
  m_StaticEditorFlags: 0
  m_IsActive: 1
--- !u!4 &4465053411461863945
Transform:
  m_ObjectHideFlags: 0
  m_CorrespondingSourceObject: {fileID: 0}
  m_PrefabInstance: {fileID: 0}
  m_PrefabAsset: {fileID: 0}
  m_GameObject: {fileID: 5020811486883295277}
  m_LocalRotation: {x: 0, y: 0, z: 0, w: 1}
  m_LocalPosition: {x: 0, y: 0, z: 0}
  m_LocalScale: {x: 1, y: 1, z: 1}
  m_Children:
  - {fileID: 7865969870896596229}
  - {fileID: 6697074615143234186}
  - {fileID: 3391456532147703246}
  - {fileID: 6906439052382027285}
  - {fileID: 2270141577307459285}
  - {fileID: 2270141576852270685}
  m_Father: {fileID: 0}
  m_RootOrder: 0
  m_LocalEulerAnglesHint: {x: 0, y: 0, z: 0}
--- !u!114 &2270141578527706554
MonoBehaviour:
  m_ObjectHideFlags: 0
  m_CorrespondingSourceObject: {fileID: 0}
  m_PrefabInstance: {fileID: 0}
  m_PrefabAsset: {fileID: 0}
  m_GameObject: {fileID: 5020811486883295277}
  m_Enabled: 1
  m_EditorHideFlags: 0
  m_Script: {fileID: 11500000, guid: 1d0850bfbf77eda4a8559b3759c0352d, type: 3}
  m_Name: 
  m_EditorClassIdentifier: 
  IsBorder: 0
  CantPlaceTableauFront: 0
  CantPlaceTableauBehind: 0
  oneShoot: 0
  WallHeight: 5
  WallRemain: 5
  HaveTableauFront: 0
  HaveTableauBehind: 0
  RefTableauFront:
  - {fileID: 0}
  RefTableauBehind:
  - {fileID: 0}
  PosTableauFront: {fileID: 0}
  PosTableauBehind: {fileID: 0}
  PosInArray: {x: 0, y: 0, z: 0}
  orientation: 0
--- !u!65 &8166929850219683240
BoxCollider:
  m_ObjectHideFlags: 0
  m_CorrespondingSourceObject: {fileID: 0}
  m_PrefabInstance: {fileID: 0}
  m_PrefabAsset: {fileID: 0}
  m_GameObject: {fileID: 5020811486883295277}
  m_Material: {fileID: 0}
  m_IsTrigger: 0
  m_Enabled: 0
  serializedVersion: 2
  m_Size: {x: 0.2, y: 3, z: 1.1}
  m_Center: {x: -0.1, y: 1.5, z: 0}
--- !u!65 &2416773733057781029
BoxCollider:
  m_ObjectHideFlags: 0
  m_CorrespondingSourceObject: {fileID: 0}
  m_PrefabInstance: {fileID: 0}
  m_PrefabAsset: {fileID: 0}
  m_GameObject: {fileID: 6589558130565281558}
  m_Material: {fileID: 0}
  m_IsTrigger: 0
  m_Enabled: 1
  serializedVersion: 2
  m_Size: {x: 0.111253686, y: 5, z: 1.0480187}
  m_Center: {x: 0.05562926, y: 2.5, z: 0.0007366538}
--- !u!114 &627159694757979987
MonoBehaviour:
  m_ObjectHideFlags: 0
  m_CorrespondingSourceObject: {fileID: 0}
  m_PrefabInstance: {fileID: 0}
  m_PrefabAsset: {fileID: 0}
  m_GameObject: {fileID: 6589558130565281558}
  m_Enabled: 1
  m_EditorHideFlags: 0
  m_Script: {fileID: 11500000, guid: 57111cc3aa3c0aa4a98b03be6d74c3a6, type: 3}
  m_Name: 
  m_EditorClassIdentifier: 
  OriginMat:
  - {fileID: 2100000, guid: 988ed4d302b84d0479135dbe96e77913, type: 2}
  MatWall: []
  MaterialSlot: {fileID: 0}
  IdSalle: 0
--- !u!65 &637740273056219542
BoxCollider:
  m_ObjectHideFlags: 0
  m_CorrespondingSourceObject: {fileID: 0}
  m_PrefabInstance: {fileID: 0}
  m_PrefabAsset: {fileID: 0}
  m_GameObject: {fileID: 7686395767056173209}
  m_Material: {fileID: 0}
  m_IsTrigger: 0
  m_Enabled: 1
  serializedVersion: 2
  m_Size: {x: 0.111253686, y: 5, z: 1.0480187}
  m_Center: {x: 0.05562926, y: 2.5, z: 0.0007366538}
--- !u!114 &4417110631358603902
MonoBehaviour:
  m_ObjectHideFlags: 0
  m_CorrespondingSourceObject: {fileID: 0}
  m_PrefabInstance: {fileID: 0}
  m_PrefabAsset: {fileID: 0}
  m_GameObject: {fileID: 7686395767056173209}
  m_Enabled: 1
  m_EditorHideFlags: 0
  m_Script: {fileID: 11500000, guid: 57111cc3aa3c0aa4a98b03be6d74c3a6, type: 3}
  m_Name: 
  m_EditorClassIdentifier: 
  OriginMat:
  - {fileID: 2100000, guid: 988ed4d302b84d0479135dbe96e77913, type: 2}
  MatWall: []
  MaterialSlot: {fileID: 0}
  IdSalle: 0
--- !u!1001 &420967737176588334
PrefabInstance:
  m_ObjectHideFlags: 0
  serializedVersion: 2
  m_Modification:
    m_TransformParent: {fileID: 4465053411461863945}
    m_Modifications:
    - target: {fileID: 2629078206873157778, guid: cd040631afec2e04db1aa3ee7f1801cc,
        type: 3}
      propertyPath: m_Mesh
      value: 
      objectReference: {fileID: -40080491455925354, guid: 6bdad05961629db46bbcaf66ec5a745e,
        type: 3}
    - target: {fileID: 6424202401215576740, guid: cd040631afec2e04db1aa3ee7f1801cc,
        type: 3}
      propertyPath: m_LocalPosition.x
      value: 0
      objectReference: {fileID: 0}
    - target: {fileID: 6424202401215576740, guid: cd040631afec2e04db1aa3ee7f1801cc,
        type: 3}
      propertyPath: m_LocalPosition.y
      value: 0
      objectReference: {fileID: 0}
    - target: {fileID: 6424202401215576740, guid: cd040631afec2e04db1aa3ee7f1801cc,
        type: 3}
      propertyPath: m_LocalPosition.z
      value: 0
      objectReference: {fileID: 0}
    - target: {fileID: 6424202401215576740, guid: cd040631afec2e04db1aa3ee7f1801cc,
        type: 3}
      propertyPath: m_LocalRotation.x
      value: 0
      objectReference: {fileID: 0}
    - target: {fileID: 6424202401215576740, guid: cd040631afec2e04db1aa3ee7f1801cc,
        type: 3}
      propertyPath: m_LocalRotation.y
      value: 0
      objectReference: {fileID: 0}
    - target: {fileID: 6424202401215576740, guid: cd040631afec2e04db1aa3ee7f1801cc,
        type: 3}
      propertyPath: m_LocalRotation.z
      value: 0
      objectReference: {fileID: 0}
    - target: {fileID: 6424202401215576740, guid: cd040631afec2e04db1aa3ee7f1801cc,
        type: 3}
      propertyPath: m_LocalRotation.w
      value: 1
      objectReference: {fileID: 0}
    - target: {fileID: 6424202401215576740, guid: cd040631afec2e04db1aa3ee7f1801cc,
        type: 3}
      propertyPath: m_RootOrder
      value: 1
      objectReference: {fileID: 0}
    - target: {fileID: 6424202401215576740, guid: cd040631afec2e04db1aa3ee7f1801cc,
        type: 3}
      propertyPath: m_LocalEulerAnglesHint.x
      value: 0
      objectReference: {fileID: 0}
    - target: {fileID: 6424202401215576740, guid: cd040631afec2e04db1aa3ee7f1801cc,
        type: 3}
      propertyPath: m_LocalEulerAnglesHint.y
      value: 0
      objectReference: {fileID: 0}
    - target: {fileID: 6424202401215576740, guid: cd040631afec2e04db1aa3ee7f1801cc,
        type: 3}
      propertyPath: m_LocalEulerAnglesHint.z
      value: 0
      objectReference: {fileID: 0}
    - target: {fileID: 6424202401215576740, guid: cd040631afec2e04db1aa3ee7f1801cc,
        type: 3}
      propertyPath: m_LocalScale.y
      value: 1
      objectReference: {fileID: 0}
    - target: {fileID: 8033300048252799159, guid: cd040631afec2e04db1aa3ee7f1801cc,
        type: 3}
      propertyPath: m_Name
      value: FrontWall
      objectReference: {fileID: 0}
    - target: {fileID: 8033300048252799159, guid: cd040631afec2e04db1aa3ee7f1801cc,
        type: 3}
      propertyPath: m_TagString
      value: Wall
      objectReference: {fileID: 0}
    - target: {fileID: 8593103214116519019, guid: cd040631afec2e04db1aa3ee7f1801cc,
        type: 3}
      propertyPath: m_Materials.Array.size
      value: 1
      objectReference: {fileID: 0}
    - target: {fileID: 8593103214116519019, guid: cd040631afec2e04db1aa3ee7f1801cc,
        type: 3}
      propertyPath: m_Materials.Array.data[0]
      value: 
      objectReference: {fileID: 2100000, guid: 988ed4d302b84d0479135dbe96e77913, type: 2}
    m_RemovedComponents: []
  m_SourcePrefab: {fileID: 100100000, guid: cd040631afec2e04db1aa3ee7f1801cc, type: 3}
--- !u!1 &7686395767056173209 stripped
GameObject:
  m_CorrespondingSourceObject: {fileID: 8033300048252799159, guid: cd040631afec2e04db1aa3ee7f1801cc,
    type: 3}
  m_PrefabInstance: {fileID: 420967737176588334}
  m_PrefabAsset: {fileID: 0}
--- !u!4 &6697074615143234186 stripped
Transform:
  m_CorrespondingSourceObject: {fileID: 6424202401215576740, guid: cd040631afec2e04db1aa3ee7f1801cc,
    type: 3}
  m_PrefabInstance: {fileID: 420967737176588334}
  m_PrefabAsset: {fileID: 0}
--- !u!1001 &3751168498825297825
PrefabInstance:
  m_ObjectHideFlags: 0
  serializedVersion: 2
  m_Modification:
    m_TransformParent: {fileID: 4465053411461863945}
    m_Modifications:
    - target: {fileID: 2629078206873157778, guid: cd040631afec2e04db1aa3ee7f1801cc,
        type: 3}
      propertyPath: m_Mesh
      value: 
      objectReference: {fileID: -40080491455925354, guid: 6bdad05961629db46bbcaf66ec5a745e,
        type: 3}
    - target: {fileID: 6424202401215576740, guid: cd040631afec2e04db1aa3ee7f1801cc,
        type: 3}
      propertyPath: m_LocalPosition.x
      value: 0
      objectReference: {fileID: 0}
    - target: {fileID: 6424202401215576740, guid: cd040631afec2e04db1aa3ee7f1801cc,
        type: 3}
      propertyPath: m_LocalPosition.y
      value: 0
      objectReference: {fileID: 0}
    - target: {fileID: 6424202401215576740, guid: cd040631afec2e04db1aa3ee7f1801cc,
        type: 3}
      propertyPath: m_LocalPosition.z
      value: 0
      objectReference: {fileID: 0}
    - target: {fileID: 6424202401215576740, guid: cd040631afec2e04db1aa3ee7f1801cc,
        type: 3}
      propertyPath: m_LocalRotation.x
      value: 0
      objectReference: {fileID: 0}
    - target: {fileID: 6424202401215576740, guid: cd040631afec2e04db1aa3ee7f1801cc,
        type: 3}
      propertyPath: m_LocalRotation.y
      value: 1
      objectReference: {fileID: 0}
    - target: {fileID: 6424202401215576740, guid: cd040631afec2e04db1aa3ee7f1801cc,
        type: 3}
      propertyPath: m_LocalRotation.z
      value: 0
      objectReference: {fileID: 0}
    - target: {fileID: 6424202401215576740, guid: cd040631afec2e04db1aa3ee7f1801cc,
        type: 3}
      propertyPath: m_LocalRotation.w
      value: 0
      objectReference: {fileID: 0}
    - target: {fileID: 6424202401215576740, guid: cd040631afec2e04db1aa3ee7f1801cc,
        type: 3}
      propertyPath: m_RootOrder
      value: 0
      objectReference: {fileID: 0}
    - target: {fileID: 6424202401215576740, guid: cd040631afec2e04db1aa3ee7f1801cc,
        type: 3}
      propertyPath: m_LocalEulerAnglesHint.x
      value: 0
      objectReference: {fileID: 0}
    - target: {fileID: 6424202401215576740, guid: cd040631afec2e04db1aa3ee7f1801cc,
        type: 3}
      propertyPath: m_LocalEulerAnglesHint.y
      value: 180
      objectReference: {fileID: 0}
    - target: {fileID: 6424202401215576740, guid: cd040631afec2e04db1aa3ee7f1801cc,
        type: 3}
      propertyPath: m_LocalEulerAnglesHint.z
      value: 0
      objectReference: {fileID: 0}
    - target: {fileID: 6424202401215576740, guid: cd040631afec2e04db1aa3ee7f1801cc,
        type: 3}
      propertyPath: m_LocalScale.y
      value: 1
      objectReference: {fileID: 0}
    - target: {fileID: 8033300048252799159, guid: cd040631afec2e04db1aa3ee7f1801cc,
        type: 3}
      propertyPath: m_Name
      value: BehindWall
      objectReference: {fileID: 0}
    - target: {fileID: 8033300048252799159, guid: cd040631afec2e04db1aa3ee7f1801cc,
        type: 3}
      propertyPath: m_TagString
      value: Wall
      objectReference: {fileID: 0}
    - target: {fileID: 8593103214116519019, guid: cd040631afec2e04db1aa3ee7f1801cc,
        type: 3}
      propertyPath: m_Materials.Array.size
      value: 1
      objectReference: {fileID: 0}
    - target: {fileID: 8593103214116519019, guid: cd040631afec2e04db1aa3ee7f1801cc,
        type: 3}
      propertyPath: m_Materials.Array.data[0]
      value: 
      objectReference: {fileID: 2100000, guid: 988ed4d302b84d0479135dbe96e77913, type: 2}
    m_RemovedComponents: []
  m_SourcePrefab: {fileID: 100100000, guid: cd040631afec2e04db1aa3ee7f1801cc, type: 3}
--- !u!1 &6589558130565281558 stripped
GameObject:
  m_CorrespondingSourceObject: {fileID: 8033300048252799159, guid: cd040631afec2e04db1aa3ee7f1801cc,
    type: 3}
  m_PrefabInstance: {fileID: 3751168498825297825}
  m_PrefabAsset: {fileID: 0}
--- !u!4 &7865969870896596229 stripped
Transform:
  m_CorrespondingSourceObject: {fileID: 6424202401215576740, guid: cd040631afec2e04db1aa3ee7f1801cc,
    type: 3}
  m_PrefabInstance: {fileID: 3751168498825297825}
  m_PrefabAsset: {fileID: 0}
