%YAML 1.1
%TAG !u! tag:unity3d.com,2011:
--- !u!95 &7871290587262844217
Animator:
  serializedVersion: 3
  m_ObjectHideFlags: 0
  m_CorrespondingSourceObject: {fileID: 0}
  m_PrefabInstance: {fileID: 0}
  m_PrefabAsset: {fileID: 0}
  m_GameObject: {fileID: 2060510336987954697}
  m_Enabled: 1
  m_Avatar: {fileID: 0}
  m_Controller: {fileID: 9100000, guid: 6333d8f405672484e8c8598ba004d8ff, type: 2}
  m_CullingMode: 0
  m_UpdateMode: 0
  m_ApplyRootMotion: 0
  m_LinearVelocityBlending: 0
  m_WarningMessage: 
  m_HasTransformHierarchy: 1
  m_AllowConstantClipSamplingOptimization: 1
  m_KeepAnimatorControllerStateOnDisable: 0
--- !u!95 &8050617722773565339
Animator:
  serializedVersion: 3
  m_ObjectHideFlags: 0
  m_CorrespondingSourceObject: {fileID: 0}
  m_PrefabInstance: {fileID: 0}
  m_PrefabAsset: {fileID: 0}
  m_GameObject: {fileID: 2060510337041111079}
  m_Enabled: 1
  m_Avatar: {fileID: 0}
  m_Controller: {fileID: 9100000, guid: 0d840102efb1bc54ab03b07262598842, type: 2}
  m_CullingMode: 0
  m_UpdateMode: 0
  m_ApplyRootMotion: 0
  m_LinearVelocityBlending: 0
  m_WarningMessage: 
  m_HasTransformHierarchy: 1
  m_AllowConstantClipSamplingOptimization: 1
  m_KeepAnimatorControllerStateOnDisable: 0
--- !u!114 &8050617722773565338
MonoBehaviour:
  m_ObjectHideFlags: 0
  m_CorrespondingSourceObject: {fileID: 0}
  m_PrefabInstance: {fileID: 0}
  m_PrefabAsset: {fileID: 0}
  m_GameObject: {fileID: 2060510337041111079}
  m_Enabled: 1
  m_EditorHideFlags: 0
  m_Script: {fileID: 11500000, guid: 953531b99e69a254ca373db38233432c, type: 3}
  m_Name: 
  m_EditorClassIdentifier: 
  P_Anim: {fileID: 8050617722773565339}
  AnimSelector: 0
  IsFlying: 0
  FlyingPoint: {fileID: 0}
  rotatingspeed: 0
--- !u!95 &8050617723197763109
Animator:
  serializedVersion: 3
  m_ObjectHideFlags: 0
  m_CorrespondingSourceObject: {fileID: 0}
  m_PrefabInstance: {fileID: 0}
  m_PrefabAsset: {fileID: 0}
  m_GameObject: {fileID: 2060510337329160327}
  m_Enabled: 1
  m_Avatar: {fileID: 0}
  m_Controller: {fileID: 9100000, guid: 0d840102efb1bc54ab03b07262598842, type: 2}
  m_CullingMode: 0
  m_UpdateMode: 0
  m_ApplyRootMotion: 0
  m_LinearVelocityBlending: 0
  m_WarningMessage: 
  m_HasTransformHierarchy: 1
  m_AllowConstantClipSamplingOptimization: 1
  m_KeepAnimatorControllerStateOnDisable: 0
--- !u!114 &8050617723197763108
MonoBehaviour:
  m_ObjectHideFlags: 0
  m_CorrespondingSourceObject: {fileID: 0}
  m_PrefabInstance: {fileID: 0}
  m_PrefabAsset: {fileID: 0}
  m_GameObject: {fileID: 2060510337329160327}
  m_Enabled: 1
  m_EditorHideFlags: 0
  m_Script: {fileID: 11500000, guid: 953531b99e69a254ca373db38233432c, type: 3}
  m_Name: 
  m_EditorClassIdentifier: 
  P_Anim: {fileID: 8050617723197763109}
  AnimSelector: 0
  IsFlying: 0
  FlyingPoint: {fileID: 0}
  rotatingspeed: 0
--- !u!95 &8050617723544418527
Animator:
  serializedVersion: 3
  m_ObjectHideFlags: 0
  m_CorrespondingSourceObject: {fileID: 0}
  m_PrefabInstance: {fileID: 0}
  m_PrefabAsset: {fileID: 0}
  m_GameObject: {fileID: 2060510337425153207}
  m_Enabled: 1
  m_Avatar: {fileID: 0}
  m_Controller: {fileID: 9100000, guid: 0d840102efb1bc54ab03b07262598842, type: 2}
  m_CullingMode: 0
  m_UpdateMode: 0
  m_ApplyRootMotion: 0
  m_LinearVelocityBlending: 0
  m_WarningMessage: 
  m_HasTransformHierarchy: 1
  m_AllowConstantClipSamplingOptimization: 1
  m_KeepAnimatorControllerStateOnDisable: 0
--- !u!114 &8050617723544418526
MonoBehaviour:
  m_ObjectHideFlags: 0
  m_CorrespondingSourceObject: {fileID: 0}
  m_PrefabInstance: {fileID: 0}
  m_PrefabAsset: {fileID: 0}
  m_GameObject: {fileID: 2060510337425153207}
  m_Enabled: 1
  m_EditorHideFlags: 0
  m_Script: {fileID: 11500000, guid: 953531b99e69a254ca373db38233432c, type: 3}
  m_Name: 
  m_EditorClassIdentifier: 
  P_Anim: {fileID: 8050617723544418527}
  AnimSelector: 0
  IsFlying: 1
  FlyingPoint: {fileID: 8050617722298443994}
  rotatingspeed: 10
--- !u!95 &8050617722688894241
Animator:
  serializedVersion: 3
  m_ObjectHideFlags: 0
  m_CorrespondingSourceObject: {fileID: 0}
  m_PrefabInstance: {fileID: 0}
  m_PrefabAsset: {fileID: 0}
  m_GameObject: {fileID: 2060510339046138595}
  m_Enabled: 1
  m_Avatar: {fileID: 0}
  m_Controller: {fileID: 9100000, guid: 0d840102efb1bc54ab03b07262598842, type: 2}
  m_CullingMode: 0
  m_UpdateMode: 0
  m_ApplyRootMotion: 0
  m_LinearVelocityBlending: 0
  m_WarningMessage: 
  m_HasTransformHierarchy: 1
  m_AllowConstantClipSamplingOptimization: 1
  m_KeepAnimatorControllerStateOnDisable: 0
--- !u!114 &8050617722688894240
MonoBehaviour:
  m_ObjectHideFlags: 0
  m_CorrespondingSourceObject: {fileID: 0}
  m_PrefabInstance: {fileID: 0}
  m_PrefabAsset: {fileID: 0}
  m_GameObject: {fileID: 2060510339046138595}
  m_Enabled: 1
  m_EditorHideFlags: 0
  m_Script: {fileID: 11500000, guid: 953531b99e69a254ca373db38233432c, type: 3}
  m_Name: 
  m_EditorClassIdentifier: 
  P_Anim: {fileID: 8050617722688894241}
  AnimSelector: 0
  IsFlying: 1
  FlyingPoint: {fileID: 8050617722689990561}
  rotatingspeed: 10
--- !u!95 &7871290586326521498
Animator:
  serializedVersion: 3
  m_ObjectHideFlags: 0
  m_CorrespondingSourceObject: {fileID: 0}
  m_PrefabInstance: {fileID: 0}
  m_PrefabAsset: {fileID: 0}
  m_GameObject: {fileID: 2170062134427314307}
  m_Enabled: 1
  m_Avatar: {fileID: 0}
  m_Controller: {fileID: 9100000, guid: 38df69e8346c0534d8dd31c8efc230b6, type: 2}
  m_CullingMode: 0
  m_UpdateMode: 0
  m_ApplyRootMotion: 0
  m_LinearVelocityBlending: 0
  m_WarningMessage: 
  m_HasTransformHierarchy: 1
  m_AllowConstantClipSamplingOptimization: 1
  m_KeepAnimatorControllerStateOnDisable: 0
--- !u!95 &7871290587663701936
Animator:
  serializedVersion: 3
  m_ObjectHideFlags: 0
  m_CorrespondingSourceObject: {fileID: 0}
  m_PrefabInstance: {fileID: 0}
  m_PrefabAsset: {fileID: 0}
  m_GameObject: {fileID: 2170062135359537634}
  m_Enabled: 1
  m_Avatar: {fileID: 0}
  m_Controller: {fileID: 9100000, guid: 0d840102efb1bc54ab03b07262598842, type: 2}
  m_CullingMode: 0
  m_UpdateMode: 0
  m_ApplyRootMotion: 0
  m_LinearVelocityBlending: 0
  m_WarningMessage: 
  m_HasTransformHierarchy: 1
  m_AllowConstantClipSamplingOptimization: 1
  m_KeepAnimatorControllerStateOnDisable: 0
--- !u!114 &7871290587663701939
MonoBehaviour:
  m_ObjectHideFlags: 0
  m_CorrespondingSourceObject: {fileID: 0}
  m_PrefabInstance: {fileID: 0}
  m_PrefabAsset: {fileID: 0}
  m_GameObject: {fileID: 2170062135359537634}
  m_Enabled: 1
  m_EditorHideFlags: 0
  m_Script: {fileID: 11500000, guid: 953531b99e69a254ca373db38233432c, type: 3}
  m_Name: 
  m_EditorClassIdentifier: 
  P_Anim: {fileID: 7871290587663701936}
  AnimSelector: 0
  IsFlying: 0
  FlyingPoint: {fileID: 0}
  rotatingspeed: 0
--- !u!95 &7871290586267279566
Animator:
  serializedVersion: 3
  m_ObjectHideFlags: 0
  m_CorrespondingSourceObject: {fileID: 0}
  m_PrefabInstance: {fileID: 0}
  m_PrefabAsset: {fileID: 0}
  m_GameObject: {fileID: 2170062135405966936}
  m_Enabled: 1
  m_Avatar: {fileID: 0}
  m_Controller: {fileID: 9100000, guid: 0d840102efb1bc54ab03b07262598842, type: 2}
  m_CullingMode: 0
  m_UpdateMode: 0
  m_ApplyRootMotion: 0
  m_LinearVelocityBlending: 0
  m_WarningMessage: 
  m_HasTransformHierarchy: 1
  m_AllowConstantClipSamplingOptimization: 1
  m_KeepAnimatorControllerStateOnDisable: 0
--- !u!114 &7871290586267279561
MonoBehaviour:
  m_ObjectHideFlags: 0
  m_CorrespondingSourceObject: {fileID: 0}
  m_PrefabInstance: {fileID: 0}
  m_PrefabAsset: {fileID: 0}
  m_GameObject: {fileID: 2170062135405966936}
  m_Enabled: 1
  m_EditorHideFlags: 0
  m_Script: {fileID: 11500000, guid: 953531b99e69a254ca373db38233432c, type: 3}
  m_Name: 
  m_EditorClassIdentifier: 
  P_Anim: {fileID: 7871290586267279566}
  AnimSelector: 0
  IsFlying: 0
  FlyingPoint: {fileID: 0}
  rotatingspeed: 0
--- !u!95 &7871290586240386558
Animator:
  serializedVersion: 3
  m_ObjectHideFlags: 0
  m_CorrespondingSourceObject: {fileID: 0}
  m_PrefabInstance: {fileID: 0}
  m_PrefabAsset: {fileID: 0}
  m_GameObject: {fileID: 2170062135512868115}
  m_Enabled: 1
  m_Avatar: {fileID: 0}
  m_Controller: {fileID: 9100000, guid: 38df69e8346c0534d8dd31c8efc230b6, type: 2}
  m_CullingMode: 0
  m_UpdateMode: 0
  m_ApplyRootMotion: 0
  m_LinearVelocityBlending: 0
  m_WarningMessage: 
  m_HasTransformHierarchy: 1
  m_AllowConstantClipSamplingOptimization: 1
  m_KeepAnimatorControllerStateOnDisable: 0
--- !u!95 &7871290587948202305
Animator:
  serializedVersion: 3
  m_ObjectHideFlags: 0
  m_CorrespondingSourceObject: {fileID: 0}
  m_PrefabInstance: {fileID: 0}
  m_PrefabAsset: {fileID: 0}
  m_GameObject: {fileID: 2170062135659424609}
  m_Enabled: 1
  m_Avatar: {fileID: 0}
  m_Controller: {fileID: 9100000, guid: 38df69e8346c0534d8dd31c8efc230b6, type: 2}
  m_CullingMode: 0
  m_UpdateMode: 0
  m_ApplyRootMotion: 0
  m_LinearVelocityBlending: 0
  m_WarningMessage: 
  m_HasTransformHierarchy: 1
  m_AllowConstantClipSamplingOptimization: 1
  m_KeepAnimatorControllerStateOnDisable: 0
--- !u!95 &7871290587411342932
Animator:
  serializedVersion: 3
  m_ObjectHideFlags: 0
  m_CorrespondingSourceObject: {fileID: 0}
  m_PrefabInstance: {fileID: 0}
  m_PrefabAsset: {fileID: 0}
  m_GameObject: {fileID: 2170062136233041321}
  m_Enabled: 1
  m_Avatar: {fileID: 0}
  m_Controller: {fileID: 9100000, guid: 967c8e1bef868b54ebf048cdfea1e5c6, type: 2}
  m_CullingMode: 0
  m_UpdateMode: 0
  m_ApplyRootMotion: 0
  m_LinearVelocityBlending: 0
  m_WarningMessage: 
  m_HasTransformHierarchy: 1
  m_AllowConstantClipSamplingOptimization: 1
  m_KeepAnimatorControllerStateOnDisable: 0
--- !u!95 &7814745259906521257
Animator:
  serializedVersion: 3
  m_ObjectHideFlags: 0
  m_CorrespondingSourceObject: {fileID: 0}
  m_PrefabInstance: {fileID: 0}
  m_PrefabAsset: {fileID: 0}
  m_GameObject: {fileID: 3168560665842525051}
  m_Enabled: 1
  m_Avatar: {fileID: 0}
  m_Controller: {fileID: 9100000, guid: 0d840102efb1bc54ab03b07262598842, type: 2}
  m_CullingMode: 0
  m_UpdateMode: 0
  m_ApplyRootMotion: 0
  m_LinearVelocityBlending: 0
  m_WarningMessage: 
  m_HasTransformHierarchy: 1
  m_AllowConstantClipSamplingOptimization: 1
  m_KeepAnimatorControllerStateOnDisable: 0
--- !u!114 &7400546670465688180
MonoBehaviour:
  m_ObjectHideFlags: 0
  m_CorrespondingSourceObject: {fileID: 0}
  m_PrefabInstance: {fileID: 0}
  m_PrefabAsset: {fileID: 0}
  m_GameObject: {fileID: 3168560665842525051}
  m_Enabled: 1
  m_EditorHideFlags: 0
  m_Script: {fileID: 11500000, guid: 953531b99e69a254ca373db38233432c, type: 3}
  m_Name: 
  m_EditorClassIdentifier: 
  P_Anim: {fileID: 7814745259906521257}
  AnimSelector: 0
  IsFlying: 1
  FlyingPoint: {fileID: 8264667489254557525}
  rotatingspeed: 10
--- !u!1 &7871290586648822124
GameObject:
  m_ObjectHideFlags: 0
  m_CorrespondingSourceObject: {fileID: 0}
  m_PrefabInstance: {fileID: 0}
  m_PrefabAsset: {fileID: 0}
  serializedVersion: 6
  m_Component:
  - component: {fileID: 7871290586648822125}
  m_Layer: 0
  m_Name: Voilier_idle_holder (2)
  m_TagString: Untagged
  m_Icon: {fileID: 0}
  m_NavMeshLayer: 0
  m_StaticEditorFlags: 0
  m_IsActive: 1
--- !u!4 &7871290586648822125
Transform:
  m_ObjectHideFlags: 0
  m_CorrespondingSourceObject: {fileID: 0}
  m_PrefabInstance: {fileID: 0}
  m_PrefabAsset: {fileID: 0}
  m_GameObject: {fileID: 7871290586648822124}
  m_LocalRotation: {x: -0, y: 0.7140659, z: -0, w: 0.7000785}
  m_LocalPosition: {x: 158.27, y: -0.8, z: -97.35}
  m_LocalScale: {x: 1, y: 1, z: 1}
  m_Children:
  - {fileID: 2902224555333884274}
  m_Father: {fileID: 8050617723321459761}
  m_RootOrder: 16
  m_LocalEulerAnglesHint: {x: 0, y: 91.133, z: 0}
--- !u!1 &7871290586945689582
GameObject:
  m_ObjectHideFlags: 0
  m_CorrespondingSourceObject: {fileID: 0}
  m_PrefabInstance: {fileID: 0}
  m_PrefabAsset: {fileID: 0}
  serializedVersion: 6
  m_Component:
  - component: {fileID: 7871290586945689583}
  m_Layer: 0
  m_Name: Voilier_idle_holder
  m_TagString: Untagged
  m_Icon: {fileID: 0}
  m_NavMeshLayer: 0
  m_StaticEditorFlags: 0
  m_IsActive: 1
--- !u!4 &7871290586945689583
Transform:
  m_ObjectHideFlags: 0
  m_CorrespondingSourceObject: {fileID: 0}
  m_PrefabInstance: {fileID: 0}
  m_PrefabAsset: {fileID: 0}
  m_GameObject: {fileID: 7871290586945689582}
  m_LocalRotation: {x: -0, y: 0.7140659, z: -0, w: 0.7000785}
  m_LocalPosition: {x: 120.1, y: -0.8, z: -96.59}
  m_LocalScale: {x: 1, y: 1, z: 1}
  m_Children:
  - {fileID: 2902224554951956224}
  - {fileID: 2776177296052560951}
  m_Father: {fileID: 8050617723321459761}
  m_RootOrder: 14
  m_LocalEulerAnglesHint: {x: 0, y: 91.133, z: 0}
--- !u!1 &7871290587475157050
GameObject:
  m_ObjectHideFlags: 0
  m_CorrespondingSourceObject: {fileID: 0}
  m_PrefabInstance: {fileID: 0}
  m_PrefabAsset: {fileID: 0}
  serializedVersion: 6
  m_Component:
  - component: {fileID: 7871290587475157051}
  m_Layer: 0
  m_Name: Voilier_idle_holder (1)
  m_TagString: Untagged
  m_Icon: {fileID: 0}
  m_NavMeshLayer: 0
  m_StaticEditorFlags: 0
  m_IsActive: 1
--- !u!4 &7871290587475157051
Transform:
  m_ObjectHideFlags: 0
  m_CorrespondingSourceObject: {fileID: 0}
  m_PrefabInstance: {fileID: 0}
  m_PrefabAsset: {fileID: 0}
  m_GameObject: {fileID: 7871290587475157050}
  m_LocalRotation: {x: -0, y: 0.7140659, z: -0, w: 0.7000785}
  m_LocalPosition: {x: 139.41, y: -0.8, z: -96.98}
  m_LocalScale: {x: 1, y: 1, z: 1}
  m_Children:
  - {fileID: 2902224556028992144}
  m_Father: {fileID: 8050617723321459761}
  m_RootOrder: 15
  m_LocalEulerAnglesHint: {x: 0, y: 91.133, z: 0}
--- !u!1 &8050617722298443994
GameObject:
  m_ObjectHideFlags: 0
  m_CorrespondingSourceObject: {fileID: 0}
  m_PrefabInstance: {fileID: 0}
  m_PrefabAsset: {fileID: 0}
  serializedVersion: 6
  m_Component:
  - component: {fileID: 8050617722298443995}
  m_Layer: 0
  m_Name: FlyingPoint
  m_TagString: Untagged
  m_Icon: {fileID: 0}
  m_NavMeshLayer: 0
  m_StaticEditorFlags: 0
  m_IsActive: 1
--- !u!4 &8050617722298443995
Transform:
  m_ObjectHideFlags: 0
  m_CorrespondingSourceObject: {fileID: 0}
  m_PrefabInstance: {fileID: 0}
  m_PrefabAsset: {fileID: 0}
  m_GameObject: {fileID: 8050617722298443994}
  m_LocalRotation: {x: 0, y: 0.8842086, z: 0, w: 0.46709225}
  m_LocalPosition: {x: -17.48, y: 7.55, z: 46.25}
  m_LocalScale: {x: 1, y: 1, z: 1}
  m_Children:
  - {fileID: 3081375723079462564}
  m_Father: {fileID: 8050617723321459761}
  m_RootOrder: 1
  m_LocalEulerAnglesHint: {x: 0, y: 0, z: 0}
--- !u!1 &8050617722689990561
GameObject:
  m_ObjectHideFlags: 0
  m_CorrespondingSourceObject: {fileID: 0}
  m_PrefabInstance: {fileID: 0}
  m_PrefabAsset: {fileID: 0}
  serializedVersion: 6
  m_Component:
  - component: {fileID: 8050617722689990574}
  m_Layer: 0
  m_Name: FlyingPoint (1)
  m_TagString: Untagged
  m_Icon: {fileID: 0}
  m_NavMeshLayer: 0
  m_StaticEditorFlags: 0
  m_IsActive: 1
--- !u!4 &8050617722689990574
Transform:
  m_ObjectHideFlags: 0
  m_CorrespondingSourceObject: {fileID: 0}
  m_PrefabInstance: {fileID: 0}
  m_PrefabAsset: {fileID: 0}
  m_GameObject: {fileID: 8050617722689990561}
  m_LocalRotation: {x: 0, y: 0.8842086, z: 0, w: 0.46709225}
  m_LocalPosition: {x: 62.18, y: 0.83, z: 29.07}
  m_LocalScale: {x: 1, y: 1, z: 1}
  m_Children:
  - {fileID: 3081375721462665456}
  m_Father: {fileID: 8050617723321459761}
  m_RootOrder: 4
  m_LocalEulerAnglesHint: {x: 0, y: 0, z: 0}
--- !u!1 &8050617723321459760
GameObject:
  m_ObjectHideFlags: 0
  m_CorrespondingSourceObject: {fileID: 0}
  m_PrefabInstance: {fileID: 0}
  m_PrefabAsset: {fileID: 0}
  serializedVersion: 6
  m_Component:
  - component: {fileID: 8050617723321459761}
  m_Layer: 0
  m_Name: Pigeon_Holder New LD
  m_TagString: Untagged
  m_Icon: {fileID: 0}
  m_NavMeshLayer: 0
  m_StaticEditorFlags: 0
  m_IsActive: 1
--- !u!4 &8050617723321459761
Transform:
  m_ObjectHideFlags: 0
  m_CorrespondingSourceObject: {fileID: 0}
  m_PrefabInstance: {fileID: 0}
  m_PrefabAsset: {fileID: 0}
  m_GameObject: {fileID: 8050617723321459760}
  m_LocalRotation: {x: 0, y: 0, z: 0, w: 1}
  m_LocalPosition: {x: 0, y: 0, z: 0}
  m_LocalScale: {x: 1, y: 1, z: 1}
  m_Children:
  - {fileID: 3081375723009005554}
  - {fileID: 8050617722298443995}
  - {fileID: 3081375723170075284}
  - {fileID: 3081375722930825780}
  - {fileID: 8050617722689990574}
  - {fileID: 3081375722283662587}
  - {fileID: 3081375721701729837}
  - {fileID: 3081375722979789850}
  - {fileID: 2902224554764332986}
  - {fileID: 2902224555651219055}
  - {fileID: 5178979282439277318}
  - {fileID: 5178979281467804858}
  - {fileID: 1281168780836158494}
  - {fileID: 2983382036331059032}
  - {fileID: 7871290586945689583}
  - {fileID: 7871290587475157051}
  - {fileID: 7871290586648822125}
  - {fileID: 2902224555063051339}
  - {fileID: 2902224555637961713}
  - {fileID: 7871290587767511411}
  m_Father: {fileID: 0}
  m_RootOrder: 0
  m_LocalEulerAnglesHint: {x: 0, y: 0, z: 0}
--- !u!1 &8264667489254557525
GameObject:
  m_ObjectHideFlags: 0
  m_CorrespondingSourceObject: {fileID: 0}
  m_PrefabInstance: {fileID: 0}
  m_PrefabAsset: {fileID: 0}
  serializedVersion: 6
  m_Component:
  - component: {fileID: 2776177296052560951}
  m_Layer: 0
  m_Name: FlyingPoint (2)
  m_TagString: Untagged
  m_Icon: {fileID: 0}
  m_NavMeshLayer: 0
  m_StaticEditorFlags: 0
  m_IsActive: 1
--- !u!4 &2776177296052560951
Transform:
  m_ObjectHideFlags: 0
  m_CorrespondingSourceObject: {fileID: 0}
  m_PrefabInstance: {fileID: 0}
  m_PrefabAsset: {fileID: 0}
  m_GameObject: {fileID: 8264667489254557525}
  m_LocalRotation: {x: -0, y: 0.28548077, z: 2.3283062e-10, w: 0.9583844}
  m_LocalPosition: {x: -1.8, y: 17.7, z: 46.9}
  m_LocalScale: {x: 1, y: 1, z: 1}
  m_Children:
  - {fileID: 2135732049053962600}
  m_Father: {fileID: 7871290586945689583}
  m_RootOrder: 1
  m_LocalEulerAnglesHint: {x: 0, y: 0, z: 0}
--- !u!1001 &190799323830795841
PrefabInstance:
  m_ObjectHideFlags: 0
  serializedVersion: 2
  m_Modification:
    m_TransformParent: {fileID: 8050617723321459761}
    m_Modifications:
    - target: {fileID: 2069482072053314109, guid: 866c9839ad033ab478fcf0cc96a97dea,
        type: 3}
      propertyPath: m_Name
      value: pecheur
      objectReference: {fileID: 0}
    - target: {fileID: 3090348001039745070, guid: 866c9839ad033ab478fcf0cc96a97dea,
        type: 3}
      propertyPath: m_LocalPosition.x
      value: -23.35
      objectReference: {fileID: 0}
    - target: {fileID: 3090348001039745070, guid: 866c9839ad033ab478fcf0cc96a97dea,
        type: 3}
      propertyPath: m_LocalPosition.y
      value: -0.46953356
      objectReference: {fileID: 0}
    - target: {fileID: 3090348001039745070, guid: 866c9839ad033ab478fcf0cc96a97dea,
        type: 3}
      propertyPath: m_LocalPosition.z
      value: -9.56
      objectReference: {fileID: 0}
    - target: {fileID: 3090348001039745070, guid: 866c9839ad033ab478fcf0cc96a97dea,
        type: 3}
      propertyPath: m_LocalRotation.x
      value: -0
      objectReference: {fileID: 0}
    - target: {fileID: 3090348001039745070, guid: 866c9839ad033ab478fcf0cc96a97dea,
        type: 3}
      propertyPath: m_LocalRotation.y
      value: -0.9986636
      objectReference: {fileID: 0}
    - target: {fileID: 3090348001039745070, guid: 866c9839ad033ab478fcf0cc96a97dea,
        type: 3}
      propertyPath: m_LocalRotation.z
      value: -0
      objectReference: {fileID: 0}
    - target: {fileID: 3090348001039745070, guid: 866c9839ad033ab478fcf0cc96a97dea,
        type: 3}
      propertyPath: m_LocalRotation.w
      value: -0.05168209
      objectReference: {fileID: 0}
    - target: {fileID: 3090348001039745070, guid: 866c9839ad033ab478fcf0cc96a97dea,
        type: 3}
      propertyPath: m_RootOrder
      value: 9
      objectReference: {fileID: 0}
    - target: {fileID: 3090348001039745070, guid: 866c9839ad033ab478fcf0cc96a97dea,
        type: 3}
      propertyPath: m_LocalEulerAnglesHint.x
      value: 0
      objectReference: {fileID: 0}
    - target: {fileID: 3090348001039745070, guid: 866c9839ad033ab478fcf0cc96a97dea,
        type: 3}
      propertyPath: m_LocalEulerAnglesHint.y
      value: -185.92499
      objectReference: {fileID: 0}
    - target: {fileID: 3090348001039745070, guid: 866c9839ad033ab478fcf0cc96a97dea,
        type: 3}
      propertyPath: m_LocalEulerAnglesHint.z
      value: 0
      objectReference: {fileID: 0}
    m_RemovedComponents: []
  m_SourcePrefab: {fileID: 100100000, guid: 866c9839ad033ab478fcf0cc96a97dea, type: 3}
--- !u!4 &2902224555651219055 stripped
Transform:
  m_CorrespondingSourceObject: {fileID: 3090348001039745070, guid: 866c9839ad033ab478fcf0cc96a97dea,
    type: 3}
  m_PrefabInstance: {fileID: 190799323830795841}
  m_PrefabAsset: {fileID: 0}
--- !u!1001 &4760328293832354499
PrefabInstance:
  m_ObjectHideFlags: 0
  serializedVersion: 2
  m_Modification:
    m_TransformParent: {fileID: 8050617723321459761}
    m_Modifications:
    - target: {fileID: 6041496898304562908, guid: b6c7994032d82214eb8133f717580e33,
        type: 3}
      propertyPath: m_Name
      value: Voilier_avance
      objectReference: {fileID: 0}
    - target: {fileID: 6041496898304562909, guid: b6c7994032d82214eb8133f717580e33,
        type: 3}
      propertyPath: m_LocalPosition.x
      value: 191
      objectReference: {fileID: 0}
    - target: {fileID: 6041496898304562909, guid: b6c7994032d82214eb8133f717580e33,
        type: 3}
      propertyPath: m_LocalPosition.y
      value: -2.5
      objectReference: {fileID: 0}
    - target: {fileID: 6041496898304562909, guid: b6c7994032d82214eb8133f717580e33,
        type: 3}
      propertyPath: m_LocalPosition.z
      value: 80.7
      objectReference: {fileID: 0}
    - target: {fileID: 6041496898304562909, guid: b6c7994032d82214eb8133f717580e33,
        type: 3}
      propertyPath: m_LocalRotation.x
      value: -0
      objectReference: {fileID: 0}
    - target: {fileID: 6041496898304562909, guid: b6c7994032d82214eb8133f717580e33,
        type: 3}
      propertyPath: m_LocalRotation.y
      value: -0
      objectReference: {fileID: 0}
    - target: {fileID: 6041496898304562909, guid: b6c7994032d82214eb8133f717580e33,
        type: 3}
      propertyPath: m_LocalRotation.z
      value: -0
      objectReference: {fileID: 0}
    - target: {fileID: 6041496898304562909, guid: b6c7994032d82214eb8133f717580e33,
        type: 3}
      propertyPath: m_LocalRotation.w
      value: 1
      objectReference: {fileID: 0}
    - target: {fileID: 6041496898304562909, guid: b6c7994032d82214eb8133f717580e33,
        type: 3}
      propertyPath: m_RootOrder
      value: 12
      objectReference: {fileID: 0}
    - target: {fileID: 6041496898304562909, guid: b6c7994032d82214eb8133f717580e33,
        type: 3}
      propertyPath: m_LocalEulerAnglesHint.x
      value: 0
      objectReference: {fileID: 0}
    - target: {fileID: 6041496898304562909, guid: b6c7994032d82214eb8133f717580e33,
        type: 3}
      propertyPath: m_LocalEulerAnglesHint.y
      value: 0
      objectReference: {fileID: 0}
    - target: {fileID: 6041496898304562909, guid: b6c7994032d82214eb8133f717580e33,
        type: 3}
      propertyPath: m_LocalEulerAnglesHint.z
      value: 0
      objectReference: {fileID: 0}
    m_RemovedComponents: []
  m_SourcePrefab: {fileID: 100100000, guid: b6c7994032d82214eb8133f717580e33, type: 3}
--- !u!4 &1281168780836158494 stripped
Transform:
  m_CorrespondingSourceObject: {fileID: 6041496898304562909, guid: b6c7994032d82214eb8133f717580e33,
    type: 3}
  m_PrefabInstance: {fileID: 4760328293832354499}
  m_PrefabAsset: {fileID: 0}
--- !u!1001 &5055114816539632413
PrefabInstance:
  m_ObjectHideFlags: 0
  serializedVersion: 2
  m_Modification:
    m_TransformParent: {fileID: 8050617723321459761}
    m_Modifications:
    - target: {fileID: 3106095272659958382, guid: b593b08a650c5714ebe52a25791a2c49,
        type: 3}
      propertyPath: m_LocalPosition.x
      value: 14.3
      objectReference: {fileID: 0}
    - target: {fileID: 3106095272659958382, guid: b593b08a650c5714ebe52a25791a2c49,
        type: 3}
      propertyPath: m_LocalPosition.y
      value: -0.5
      objectReference: {fileID: 0}
    - target: {fileID: 3106095272659958382, guid: b593b08a650c5714ebe52a25791a2c49,
        type: 3}
      propertyPath: m_LocalPosition.z
      value: 57.12
      objectReference: {fileID: 0}
    - target: {fileID: 3106095272659958382, guid: b593b08a650c5714ebe52a25791a2c49,
        type: 3}
      propertyPath: m_LocalRotation.x
      value: 0
      objectReference: {fileID: 0}
    - target: {fileID: 3106095272659958382, guid: b593b08a650c5714ebe52a25791a2c49,
        type: 3}
      propertyPath: m_LocalRotation.y
      value: 0.7071068
      objectReference: {fileID: 0}
    - target: {fileID: 3106095272659958382, guid: b593b08a650c5714ebe52a25791a2c49,
        type: 3}
      propertyPath: m_LocalRotation.z
      value: 0
      objectReference: {fileID: 0}
    - target: {fileID: 3106095272659958382, guid: b593b08a650c5714ebe52a25791a2c49,
        type: 3}
      propertyPath: m_LocalRotation.w
      value: 0.70710677
      objectReference: {fileID: 0}
    - target: {fileID: 3106095272659958382, guid: b593b08a650c5714ebe52a25791a2c49,
        type: 3}
      propertyPath: m_RootOrder
      value: 19
      objectReference: {fileID: 0}
    - target: {fileID: 3106095272659958382, guid: b593b08a650c5714ebe52a25791a2c49,
        type: 3}
      propertyPath: m_LocalEulerAnglesHint.x
      value: 0
      objectReference: {fileID: 0}
    - target: {fileID: 3106095272659958382, guid: b593b08a650c5714ebe52a25791a2c49,
        type: 3}
      propertyPath: m_LocalEulerAnglesHint.y
      value: 90.00001
      objectReference: {fileID: 0}
    - target: {fileID: 3106095272659958382, guid: b593b08a650c5714ebe52a25791a2c49,
        type: 3}
      propertyPath: m_LocalEulerAnglesHint.z
      value: 0
      objectReference: {fileID: 0}
    - target: {fileID: 3106095272659958383, guid: b593b08a650c5714ebe52a25791a2c49,
        type: 3}
      propertyPath: m_Name
      value: Voiture holder
      objectReference: {fileID: 0}
    m_RemovedComponents: []
  m_SourcePrefab: {fileID: 100100000, guid: b593b08a650c5714ebe52a25791a2c49, type: 3}
--- !u!4 &7871290587767511411 stripped
Transform:
  m_CorrespondingSourceObject: {fileID: 3106095272659958382, guid: b593b08a650c5714ebe52a25791a2c49,
    type: 3}
  m_PrefabInstance: {fileID: 5055114816539632413}
  m_PrefabAsset: {fileID: 0}
--- !u!1001 &6402166165755329138
PrefabInstance:
  m_ObjectHideFlags: 0
  serializedVersion: 2
  m_Modification:
    m_TransformParent: {fileID: 2776177296052560951}
    m_Modifications:
    - target: {fileID: -4216859302048453862, guid: 24205d78376b01b4ba23ef99e932777e,
        type: 3}
      propertyPath: m_LocalPosition.x
      value: 16.2
      objectReference: {fileID: 0}
    - target: {fileID: -4216859302048453862, guid: 24205d78376b01b4ba23ef99e932777e,
        type: 3}
      propertyPath: m_LocalPosition.y
      value: 0.659
      objectReference: {fileID: 0}
    - target: {fileID: -4216859302048453862, guid: 24205d78376b01b4ba23ef99e932777e,
        type: 3}
      propertyPath: m_LocalPosition.z
      value: 0
      objectReference: {fileID: 0}
    - target: {fileID: -4216859302048453862, guid: 24205d78376b01b4ba23ef99e932777e,
        type: 3}
      propertyPath: m_LocalRotation.x
      value: -0
      objectReference: {fileID: 0}
    - target: {fileID: -4216859302048453862, guid: 24205d78376b01b4ba23ef99e932777e,
        type: 3}
      propertyPath: m_LocalRotation.y
      value: -0
      objectReference: {fileID: 0}
    - target: {fileID: -4216859302048453862, guid: 24205d78376b01b4ba23ef99e932777e,
        type: 3}
      propertyPath: m_LocalRotation.z
      value: -0
      objectReference: {fileID: 0}
    - target: {fileID: -4216859302048453862, guid: 24205d78376b01b4ba23ef99e932777e,
        type: 3}
      propertyPath: m_LocalRotation.w
      value: 1
      objectReference: {fileID: 0}
    - target: {fileID: -4216859302048453862, guid: 24205d78376b01b4ba23ef99e932777e,
        type: 3}
      propertyPath: m_RootOrder
      value: 0
      objectReference: {fileID: 0}
    - target: {fileID: -4216859302048453862, guid: 24205d78376b01b4ba23ef99e932777e,
        type: 3}
      propertyPath: m_LocalEulerAnglesHint.x
      value: 0
      objectReference: {fileID: 0}
    - target: {fileID: -4216859302048453862, guid: 24205d78376b01b4ba23ef99e932777e,
        type: 3}
      propertyPath: m_LocalEulerAnglesHint.y
      value: 0
      objectReference: {fileID: 0}
    - target: {fileID: -4216859302048453862, guid: 24205d78376b01b4ba23ef99e932777e,
        type: 3}
      propertyPath: m_LocalEulerAnglesHint.z
      value: 0
      objectReference: {fileID: 0}
    - target: {fileID: -927199367670048503, guid: 24205d78376b01b4ba23ef99e932777e,
        type: 3}
      propertyPath: m_Name
      value: bird (1)
      objectReference: {fileID: 0}
    m_RemovedComponents: []
  m_SourcePrefab: {fileID: 100100000, guid: 24205d78376b01b4ba23ef99e932777e, type: 3}
--- !u!4 &2135732049053962600 stripped
Transform:
  m_CorrespondingSourceObject: {fileID: -4216859302048453862, guid: 24205d78376b01b4ba23ef99e932777e,
    type: 3}
  m_PrefabInstance: {fileID: 6402166165755329138}
  m_PrefabAsset: {fileID: 0}
--- !u!1 &3168560665842525051 stripped
GameObject:
  m_CorrespondingSourceObject: {fileID: -927199367670048503, guid: 24205d78376b01b4ba23ef99e932777e,
    type: 3}
  m_PrefabInstance: {fileID: 6402166165755329138}
  m_PrefabAsset: {fileID: 0}
--- !u!1001 &7871290586374685856
PrefabInstance:
  m_ObjectHideFlags: 0
  serializedVersion: 2
  m_Modification:
    m_TransformParent: {fileID: 8050617723321459761}
    m_Modifications:
    - target: {fileID: -4216859302048453862, guid: 064715f98f2e8044a8d72263bece2d1e,
        type: 3}
      propertyPath: m_LocalPosition.x
      value: -12
      objectReference: {fileID: 0}
    - target: {fileID: -4216859302048453862, guid: 064715f98f2e8044a8d72263bece2d1e,
        type: 3}
      propertyPath: m_LocalPosition.y
      value: -0.46953356
      objectReference: {fileID: 0}
    - target: {fileID: -4216859302048453862, guid: 064715f98f2e8044a8d72263bece2d1e,
        type: 3}
      propertyPath: m_LocalPosition.z
      value: 14.27
      objectReference: {fileID: 0}
    - target: {fileID: -4216859302048453862, guid: 064715f98f2e8044a8d72263bece2d1e,
        type: 3}
      propertyPath: m_LocalRotation.x
      value: -0
      objectReference: {fileID: 0}
    - target: {fileID: -4216859302048453862, guid: 064715f98f2e8044a8d72263bece2d1e,
        type: 3}
      propertyPath: m_LocalRotation.y
      value: 0.8486917
      objectReference: {fileID: 0}
    - target: {fileID: -4216859302048453862, guid: 064715f98f2e8044a8d72263bece2d1e,
        type: 3}
      propertyPath: m_LocalRotation.z
      value: -0
      objectReference: {fileID: 0}
    - target: {fileID: -4216859302048453862, guid: 064715f98f2e8044a8d72263bece2d1e,
        type: 3}
      propertyPath: m_LocalRotation.w
      value: 0.5288879
      objectReference: {fileID: 0}
    - target: {fileID: -4216859302048453862, guid: 064715f98f2e8044a8d72263bece2d1e,
        type: 3}
      propertyPath: m_RootOrder
      value: 8
      objectReference: {fileID: 0}
    - target: {fileID: -4216859302048453862, guid: 064715f98f2e8044a8d72263bece2d1e,
        type: 3}
      propertyPath: m_LocalEulerAnglesHint.x
      value: 0
      objectReference: {fileID: 0}
    - target: {fileID: -4216859302048453862, guid: 064715f98f2e8044a8d72263bece2d1e,
        type: 3}
      propertyPath: m_LocalEulerAnglesHint.y
      value: 116.13901
      objectReference: {fileID: 0}
    - target: {fileID: -4216859302048453862, guid: 064715f98f2e8044a8d72263bece2d1e,
        type: 3}
      propertyPath: m_LocalEulerAnglesHint.z
      value: 0
      objectReference: {fileID: 0}
    - target: {fileID: -1384780477371327967, guid: 064715f98f2e8044a8d72263bece2d1e,
        type: 3}
      propertyPath: m_Materials.Array.data[0]
      value: 
      objectReference: {fileID: 2100000, guid: 99e7e52419d995044941bd455182cd55, type: 2}
    - target: {fileID: -927199367670048503, guid: 064715f98f2e8044a8d72263bece2d1e,
        type: 3}
      propertyPath: m_Name
      value: VENDEUR DE HOT DOG
      objectReference: {fileID: 0}
    - target: {fileID: 5207343167419099076, guid: 064715f98f2e8044a8d72263bece2d1e,
        type: 3}
      propertyPath: m_Materials.Array.data[0]
      value: 
      objectReference: {fileID: 2100000, guid: ec4362062b007934685d2accd5ef0ae0, type: 2}
    m_RemovedComponents: []
  m_SourcePrefab: {fileID: 100100000, guid: 064715f98f2e8044a8d72263bece2d1e, type: 3}
--- !u!4 &2902224554764332986 stripped
Transform:
  m_CorrespondingSourceObject: {fileID: -4216859302048453862, guid: 064715f98f2e8044a8d72263bece2d1e,
    type: 3}
  m_PrefabInstance: {fileID: 7871290586374685856}
  m_PrefabAsset: {fileID: 0}
--- !u!1 &2170062136233041321 stripped
GameObject:
  m_CorrespondingSourceObject: {fileID: -927199367670048503, guid: 064715f98f2e8044a8d72263bece2d1e,
    type: 3}
  m_PrefabInstance: {fileID: 7871290586374685856}
  m_PrefabAsset: {fileID: 0}
--- !u!1001 &7871290586440862868
PrefabInstance:
  m_ObjectHideFlags: 0
  serializedVersion: 2
  m_Modification:
    m_TransformParent: {fileID: 8050617723321459761}
    m_Modifications:
    - target: {fileID: 2069482072053314109, guid: 866c9839ad033ab478fcf0cc96a97dea,
        type: 3}
      propertyPath: m_Name
      value: pecheur (2)
      objectReference: {fileID: 0}
    - target: {fileID: 3090348001039745070, guid: 866c9839ad033ab478fcf0cc96a97dea,
        type: 3}
      propertyPath: m_LocalPosition.x
      value: -34.51
      objectReference: {fileID: 0}
    - target: {fileID: 3090348001039745070, guid: 866c9839ad033ab478fcf0cc96a97dea,
        type: 3}
      propertyPath: m_LocalPosition.y
      value: -2
      objectReference: {fileID: 0}
    - target: {fileID: 3090348001039745070, guid: 866c9839ad033ab478fcf0cc96a97dea,
        type: 3}
      propertyPath: m_LocalPosition.z
      value: -52.49
      objectReference: {fileID: 0}
    - target: {fileID: 3090348001039745070, guid: 866c9839ad033ab478fcf0cc96a97dea,
        type: 3}
      propertyPath: m_LocalRotation.x
      value: -0
      objectReference: {fileID: 0}
    - target: {fileID: 3090348001039745070, guid: 866c9839ad033ab478fcf0cc96a97dea,
        type: 3}
      propertyPath: m_LocalRotation.y
      value: -0.12456976
      objectReference: {fileID: 0}
    - target: {fileID: 3090348001039745070, guid: 866c9839ad033ab478fcf0cc96a97dea,
        type: 3}
      propertyPath: m_LocalRotation.z
      value: -0
      objectReference: {fileID: 0}
    - target: {fileID: 3090348001039745070, guid: 866c9839ad033ab478fcf0cc96a97dea,
        type: 3}
      propertyPath: m_LocalRotation.w
      value: -0.9922109
      objectReference: {fileID: 0}
    - target: {fileID: 3090348001039745070, guid: 866c9839ad033ab478fcf0cc96a97dea,
        type: 3}
      propertyPath: m_RootOrder
      value: 11
      objectReference: {fileID: 0}
    - target: {fileID: 3090348001039745070, guid: 866c9839ad033ab478fcf0cc96a97dea,
        type: 3}
      propertyPath: m_LocalEulerAnglesHint.x
      value: 0
      objectReference: {fileID: 0}
    - target: {fileID: 3090348001039745070, guid: 866c9839ad033ab478fcf0cc96a97dea,
        type: 3}
      propertyPath: m_LocalEulerAnglesHint.y
      value: -345.688
      objectReference: {fileID: 0}
    - target: {fileID: 3090348001039745070, guid: 866c9839ad033ab478fcf0cc96a97dea,
        type: 3}
      propertyPath: m_LocalEulerAnglesHint.z
      value: 0
      objectReference: {fileID: 0}
    m_RemovedComponents: []
  m_SourcePrefab: {fileID: 100100000, guid: 866c9839ad033ab478fcf0cc96a97dea, type: 3}
--- !u!4 &5178979281467804858 stripped
Transform:
  m_CorrespondingSourceObject: {fileID: 3090348001039745070, guid: 866c9839ad033ab478fcf0cc96a97dea,
    type: 3}
  m_PrefabInstance: {fileID: 7871290586440862868}
  m_PrefabAsset: {fileID: 0}
--- !u!1001 &7871290586593655834
PrefabInstance:
  m_ObjectHideFlags: 0
  serializedVersion: 2
  m_Modification:
    m_TransformParent: {fileID: 7871290586945689583}
    m_Modifications:
    - target: {fileID: -4216859302048453862, guid: 3a18b9168135fbb48870e89e0332251e,
        type: 3}
      propertyPath: m_LocalPosition.x
      value: 0
      objectReference: {fileID: 0}
    - target: {fileID: -4216859302048453862, guid: 3a18b9168135fbb48870e89e0332251e,
        type: 3}
      propertyPath: m_LocalPosition.y
      value: 0
      objectReference: {fileID: 0}
    - target: {fileID: -4216859302048453862, guid: 3a18b9168135fbb48870e89e0332251e,
        type: 3}
      propertyPath: m_LocalPosition.z
      value: 0
      objectReference: {fileID: 0}
    - target: {fileID: -4216859302048453862, guid: 3a18b9168135fbb48870e89e0332251e,
        type: 3}
      propertyPath: m_LocalRotation.x
      value: 0.707086
      objectReference: {fileID: 0}
    - target: {fileID: -4216859302048453862, guid: 3a18b9168135fbb48870e89e0332251e,
        type: 3}
      propertyPath: m_LocalRotation.y
      value: 0.005417761
      objectReference: {fileID: 0}
    - target: {fileID: -4216859302048453862, guid: 3a18b9168135fbb48870e89e0332251e,
        type: 3}
      propertyPath: m_LocalRotation.z
      value: 0.70708436
      objectReference: {fileID: 0}
    - target: {fileID: -4216859302048453862, guid: 3a18b9168135fbb48870e89e0332251e,
        type: 3}
      propertyPath: m_LocalRotation.w
      value: 0.0056276214
      objectReference: {fileID: 0}
    - target: {fileID: -4216859302048453862, guid: 3a18b9168135fbb48870e89e0332251e,
        type: 3}
      propertyPath: m_RootOrder
      value: 0
      objectReference: {fileID: 0}
    - target: {fileID: -4216859302048453862, guid: 3a18b9168135fbb48870e89e0332251e,
        type: 3}
      propertyPath: m_LocalEulerAnglesHint.x
      value: 179.983
      objectReference: {fileID: 0}
    - target: {fileID: -4216859302048453862, guid: 3a18b9168135fbb48870e89e0332251e,
        type: 3}
      propertyPath: m_LocalEulerAnglesHint.y
      value: -90
      objectReference: {fileID: 0}
    - target: {fileID: -4216859302048453862, guid: 3a18b9168135fbb48870e89e0332251e,
        type: 3}
      propertyPath: m_LocalEulerAnglesHint.z
      value: -0.894989
      objectReference: {fileID: 0}
    - target: {fileID: -4216859302048453862, guid: 3a18b9168135fbb48870e89e0332251e,
        type: 3}
      propertyPath: m_LocalScale.x
      value: 0.011556544
      objectReference: {fileID: 0}
    - target: {fileID: -927199367670048503, guid: 3a18b9168135fbb48870e89e0332251e,
        type: 3}
      propertyPath: m_Name
      value: Voilier
      objectReference: {fileID: 0}
    m_RemovedComponents: []
  m_SourcePrefab: {fileID: 100100000, guid: 3a18b9168135fbb48870e89e0332251e, type: 3}
--- !u!1 &2170062135512868115 stripped
GameObject:
  m_CorrespondingSourceObject: {fileID: -927199367670048503, guid: 3a18b9168135fbb48870e89e0332251e,
    type: 3}
  m_PrefabInstance: {fileID: 7871290586593655834}
  m_PrefabAsset: {fileID: 0}
--- !u!4 &2902224554951956224 stripped
Transform:
  m_CorrespondingSourceObject: {fileID: -4216859302048453862, guid: 3a18b9168135fbb48870e89e0332251e,
    type: 3}
  m_PrefabInstance: {fileID: 7871290586593655834}
  m_PrefabAsset: {fileID: 0}
--- !u!1001 &7871290586688040785
PrefabInstance:
  m_ObjectHideFlags: 0
  serializedVersion: 2
  m_Modification:
    m_TransformParent: {fileID: 8050617723321459761}
    m_Modifications:
    - target: {fileID: -4216859302048453862, guid: 24205d78376b01b4ba23ef99e932777e,
        type: 3}
      propertyPath: m_LocalPosition.x
      value: 53.42
      objectReference: {fileID: 0}
    - target: {fileID: -4216859302048453862, guid: 24205d78376b01b4ba23ef99e932777e,
        type: 3}
      propertyPath: m_LocalPosition.y
      value: -0.554
      objectReference: {fileID: 0}
    - target: {fileID: -4216859302048453862, guid: 24205d78376b01b4ba23ef99e932777e,
        type: 3}
      propertyPath: m_LocalPosition.z
      value: 10.33
      objectReference: {fileID: 0}
    - target: {fileID: -4216859302048453862, guid: 24205d78376b01b4ba23ef99e932777e,
        type: 3}
      propertyPath: m_LocalRotation.x
      value: -0
      objectReference: {fileID: 0}
    - target: {fileID: -4216859302048453862, guid: 24205d78376b01b4ba23ef99e932777e,
        type: 3}
      propertyPath: m_LocalRotation.y
      value: 0.30367783
      objectReference: {fileID: 0}
    - target: {fileID: -4216859302048453862, guid: 24205d78376b01b4ba23ef99e932777e,
        type: 3}
      propertyPath: m_LocalRotation.z
      value: -0
      objectReference: {fileID: 0}
    - target: {fileID: -4216859302048453862, guid: 24205d78376b01b4ba23ef99e932777e,
        type: 3}
      propertyPath: m_LocalRotation.w
      value: 0.95277476
      objectReference: {fileID: 0}
    - target: {fileID: -4216859302048453862, guid: 24205d78376b01b4ba23ef99e932777e,
        type: 3}
      propertyPath: m_RootOrder
      value: 17
      objectReference: {fileID: 0}
    - target: {fileID: -4216859302048453862, guid: 24205d78376b01b4ba23ef99e932777e,
        type: 3}
      propertyPath: m_LocalEulerAnglesHint.x
      value: 0
      objectReference: {fileID: 0}
    - target: {fileID: -4216859302048453862, guid: 24205d78376b01b4ba23ef99e932777e,
        type: 3}
      propertyPath: m_LocalEulerAnglesHint.y
      value: 35.357002
      objectReference: {fileID: 0}
    - target: {fileID: -4216859302048453862, guid: 24205d78376b01b4ba23ef99e932777e,
        type: 3}
      propertyPath: m_LocalEulerAnglesHint.z
      value: 0
      objectReference: {fileID: 0}
    - target: {fileID: -927199367670048503, guid: 24205d78376b01b4ba23ef99e932777e,
        type: 3}
      propertyPath: m_Name
      value: bird (5)
      objectReference: {fileID: 0}
    m_RemovedComponents: []
  m_SourcePrefab: {fileID: 100100000, guid: 24205d78376b01b4ba23ef99e932777e, type: 3}
--- !u!4 &2902224555063051339 stripped
Transform:
  m_CorrespondingSourceObject: {fileID: -4216859302048453862, guid: 24205d78376b01b4ba23ef99e932777e,
    type: 3}
  m_PrefabInstance: {fileID: 7871290586688040785}
  m_PrefabAsset: {fileID: 0}
--- !u!1 &2170062135405966936 stripped
GameObject:
  m_CorrespondingSourceObject: {fileID: -927199367670048503, guid: 24205d78376b01b4ba23ef99e932777e,
    type: 3}
  m_PrefabInstance: {fileID: 7871290586688040785}
  m_PrefabAsset: {fileID: 0}
--- !u!1001 &7871290586942026344
PrefabInstance:
  m_ObjectHideFlags: 0
  serializedVersion: 2
  m_Modification:
    m_TransformParent: {fileID: 7871290586648822125}
    m_Modifications:
    - target: {fileID: -4216859302048453862, guid: 3a18b9168135fbb48870e89e0332251e,
        type: 3}
      propertyPath: m_LocalPosition.x
      value: 0
      objectReference: {fileID: 0}
    - target: {fileID: -4216859302048453862, guid: 3a18b9168135fbb48870e89e0332251e,
        type: 3}
      propertyPath: m_LocalPosition.y
      value: 0
      objectReference: {fileID: 0}
    - target: {fileID: -4216859302048453862, guid: 3a18b9168135fbb48870e89e0332251e,
        type: 3}
      propertyPath: m_LocalPosition.z
      value: 0
      objectReference: {fileID: 0}
    - target: {fileID: -4216859302048453862, guid: 3a18b9168135fbb48870e89e0332251e,
        type: 3}
      propertyPath: m_LocalRotation.x
      value: 0.707086
      objectReference: {fileID: 0}
    - target: {fileID: -4216859302048453862, guid: 3a18b9168135fbb48870e89e0332251e,
        type: 3}
      propertyPath: m_LocalRotation.y
      value: 0.005417761
      objectReference: {fileID: 0}
    - target: {fileID: -4216859302048453862, guid: 3a18b9168135fbb48870e89e0332251e,
        type: 3}
      propertyPath: m_LocalRotation.z
      value: 0.70708436
      objectReference: {fileID: 0}
    - target: {fileID: -4216859302048453862, guid: 3a18b9168135fbb48870e89e0332251e,
        type: 3}
      propertyPath: m_LocalRotation.w
      value: 0.0056276214
      objectReference: {fileID: 0}
    - target: {fileID: -4216859302048453862, guid: 3a18b9168135fbb48870e89e0332251e,
        type: 3}
      propertyPath: m_RootOrder
      value: 0
      objectReference: {fileID: 0}
    - target: {fileID: -4216859302048453862, guid: 3a18b9168135fbb48870e89e0332251e,
        type: 3}
      propertyPath: m_LocalEulerAnglesHint.x
      value: 179.983
      objectReference: {fileID: 0}
    - target: {fileID: -4216859302048453862, guid: 3a18b9168135fbb48870e89e0332251e,
        type: 3}
      propertyPath: m_LocalEulerAnglesHint.y
      value: -90
      objectReference: {fileID: 0}
    - target: {fileID: -4216859302048453862, guid: 3a18b9168135fbb48870e89e0332251e,
        type: 3}
      propertyPath: m_LocalEulerAnglesHint.z
      value: -0.894989
      objectReference: {fileID: 0}
    - target: {fileID: -4216859302048453862, guid: 3a18b9168135fbb48870e89e0332251e,
        type: 3}
      propertyPath: m_LocalScale.x
      value: 0.011556544
      objectReference: {fileID: 0}
    - target: {fileID: -927199367670048503, guid: 3a18b9168135fbb48870e89e0332251e,
        type: 3}
      propertyPath: m_Name
      value: Voilier
      objectReference: {fileID: 0}
    m_RemovedComponents: []
  m_SourcePrefab: {fileID: 100100000, guid: 3a18b9168135fbb48870e89e0332251e, type: 3}
--- !u!1 &2170062135659424609 stripped
GameObject:
  m_CorrespondingSourceObject: {fileID: -927199367670048503, guid: 3a18b9168135fbb48870e89e0332251e,
    type: 3}
  m_PrefabInstance: {fileID: 7871290586942026344}
  m_PrefabAsset: {fileID: 0}
--- !u!4 &2902224555333884274 stripped
Transform:
  m_CorrespondingSourceObject: {fileID: -4216859302048453862, guid: 3a18b9168135fbb48870e89e0332251e,
    type: 3}
  m_PrefabInstance: {fileID: 7871290586942026344}
  m_PrefabAsset: {fileID: 0}
--- !u!1001 &7871290587246156011
PrefabInstance:
  m_ObjectHideFlags: 0
  serializedVersion: 2
  m_Modification:
    m_TransformParent: {fileID: 8050617723321459761}
    m_Modifications:
    - target: {fileID: -4216859302048453862, guid: 24205d78376b01b4ba23ef99e932777e,
        type: 3}
      propertyPath: m_LocalPosition.x
      value: 53.043
      objectReference: {fileID: 0}
    - target: {fileID: -4216859302048453862, guid: 24205d78376b01b4ba23ef99e932777e,
        type: 3}
      propertyPath: m_LocalPosition.y
      value: -0.554
      objectReference: {fileID: 0}
    - target: {fileID: -4216859302048453862, guid: 24205d78376b01b4ba23ef99e932777e,
        type: 3}
      propertyPath: m_LocalPosition.z
      value: 9.993
      objectReference: {fileID: 0}
    - target: {fileID: -4216859302048453862, guid: 24205d78376b01b4ba23ef99e932777e,
        type: 3}
      propertyPath: m_LocalRotation.x
      value: -0
      objectReference: {fileID: 0}
    - target: {fileID: -4216859302048453862, guid: 24205d78376b01b4ba23ef99e932777e,
        type: 3}
      propertyPath: m_LocalRotation.y
      value: -0.35083377
      objectReference: {fileID: 0}
    - target: {fileID: -4216859302048453862, guid: 24205d78376b01b4ba23ef99e932777e,
        type: 3}
      propertyPath: m_LocalRotation.z
      value: -0
      objectReference: {fileID: 0}
    - target: {fileID: -4216859302048453862, guid: 24205d78376b01b4ba23ef99e932777e,
        type: 3}
      propertyPath: m_LocalRotation.w
      value: 0.9364377
      objectReference: {fileID: 0}
    - target: {fileID: -4216859302048453862, guid: 24205d78376b01b4ba23ef99e932777e,
        type: 3}
      propertyPath: m_RootOrder
      value: 18
      objectReference: {fileID: 0}
    - target: {fileID: -4216859302048453862, guid: 24205d78376b01b4ba23ef99e932777e,
        type: 3}
      propertyPath: m_LocalEulerAnglesHint.x
      value: 0
      objectReference: {fileID: 0}
    - target: {fileID: -4216859302048453862, guid: 24205d78376b01b4ba23ef99e932777e,
        type: 3}
      propertyPath: m_LocalEulerAnglesHint.y
      value: -41.077003
      objectReference: {fileID: 0}
    - target: {fileID: -4216859302048453862, guid: 24205d78376b01b4ba23ef99e932777e,
        type: 3}
      propertyPath: m_LocalEulerAnglesHint.z
      value: 0
      objectReference: {fileID: 0}
    - target: {fileID: -927199367670048503, guid: 24205d78376b01b4ba23ef99e932777e,
        type: 3}
      propertyPath: m_Name
      value: bird (6)
      objectReference: {fileID: 0}
    m_RemovedComponents: []
  m_SourcePrefab: {fileID: 100100000, guid: 24205d78376b01b4ba23ef99e932777e, type: 3}
--- !u!1 &2170062135359537634 stripped
GameObject:
  m_CorrespondingSourceObject: {fileID: -927199367670048503, guid: 24205d78376b01b4ba23ef99e932777e,
    type: 3}
  m_PrefabInstance: {fileID: 7871290587246156011}
  m_PrefabAsset: {fileID: 0}
--- !u!4 &2902224555637961713 stripped
Transform:
  m_CorrespondingSourceObject: {fileID: -4216859302048453862, guid: 24205d78376b01b4ba23ef99e932777e,
    type: 3}
  m_PrefabInstance: {fileID: 7871290587246156011}
  m_PrefabAsset: {fileID: 0}
--- !u!1001 &7871290587656204682
PrefabInstance:
  m_ObjectHideFlags: 0
  serializedVersion: 2
  m_Modification:
    m_TransformParent: {fileID: 7871290587475157051}
    m_Modifications:
    - target: {fileID: -4216859302048453862, guid: 3a18b9168135fbb48870e89e0332251e,
        type: 3}
      propertyPath: m_LocalPosition.x
      value: 0
      objectReference: {fileID: 0}
    - target: {fileID: -4216859302048453862, guid: 3a18b9168135fbb48870e89e0332251e,
        type: 3}
      propertyPath: m_LocalPosition.y
      value: 0
      objectReference: {fileID: 0}
    - target: {fileID: -4216859302048453862, guid: 3a18b9168135fbb48870e89e0332251e,
        type: 3}
      propertyPath: m_LocalPosition.z
      value: 0
      objectReference: {fileID: 0}
    - target: {fileID: -4216859302048453862, guid: 3a18b9168135fbb48870e89e0332251e,
        type: 3}
      propertyPath: m_LocalRotation.x
      value: 0.707086
      objectReference: {fileID: 0}
    - target: {fileID: -4216859302048453862, guid: 3a18b9168135fbb48870e89e0332251e,
        type: 3}
      propertyPath: m_LocalRotation.y
      value: 0.005417761
      objectReference: {fileID: 0}
    - target: {fileID: -4216859302048453862, guid: 3a18b9168135fbb48870e89e0332251e,
        type: 3}
      propertyPath: m_LocalRotation.z
      value: 0.70708436
      objectReference: {fileID: 0}
    - target: {fileID: -4216859302048453862, guid: 3a18b9168135fbb48870e89e0332251e,
        type: 3}
      propertyPath: m_LocalRotation.w
      value: 0.0056276214
      objectReference: {fileID: 0}
    - target: {fileID: -4216859302048453862, guid: 3a18b9168135fbb48870e89e0332251e,
        type: 3}
      propertyPath: m_RootOrder
      value: 0
      objectReference: {fileID: 0}
    - target: {fileID: -4216859302048453862, guid: 3a18b9168135fbb48870e89e0332251e,
        type: 3}
      propertyPath: m_LocalEulerAnglesHint.x
      value: 179.983
      objectReference: {fileID: 0}
    - target: {fileID: -4216859302048453862, guid: 3a18b9168135fbb48870e89e0332251e,
        type: 3}
      propertyPath: m_LocalEulerAnglesHint.y
      value: -90
      objectReference: {fileID: 0}
    - target: {fileID: -4216859302048453862, guid: 3a18b9168135fbb48870e89e0332251e,
        type: 3}
      propertyPath: m_LocalEulerAnglesHint.z
      value: -0.894989
      objectReference: {fileID: 0}
    - target: {fileID: -4216859302048453862, guid: 3a18b9168135fbb48870e89e0332251e,
        type: 3}
      propertyPath: m_LocalScale.x
      value: 0.011556544
      objectReference: {fileID: 0}
    - target: {fileID: -927199367670048503, guid: 3a18b9168135fbb48870e89e0332251e,
        type: 3}
      propertyPath: m_Name
      value: Voilier
      objectReference: {fileID: 0}
    m_RemovedComponents: []
  m_SourcePrefab: {fileID: 100100000, guid: 3a18b9168135fbb48870e89e0332251e, type: 3}
--- !u!1 &2170062134427314307 stripped
GameObject:
  m_CorrespondingSourceObject: {fileID: -927199367670048503, guid: 3a18b9168135fbb48870e89e0332251e,
    type: 3}
  m_PrefabInstance: {fileID: 7871290587656204682}
  m_PrefabAsset: {fileID: 0}
--- !u!4 &2902224556028992144 stripped
Transform:
  m_CorrespondingSourceObject: {fileID: -4216859302048453862, guid: 3a18b9168135fbb48870e89e0332251e,
    type: 3}
  m_PrefabInstance: {fileID: 7871290587656204682}
  m_PrefabAsset: {fileID: 0}
--- !u!1001 &7871290588018412328
PrefabInstance:
  m_ObjectHideFlags: 0
  serializedVersion: 2
  m_Modification:
    m_TransformParent: {fileID: 8050617723321459761}
    m_Modifications:
    - target: {fileID: 2069482072053314109, guid: 866c9839ad033ab478fcf0cc96a97dea,
        type: 3}
      propertyPath: m_Name
      value: pecheur (1)
      objectReference: {fileID: 0}
    - target: {fileID: 3090348001039745070, guid: 866c9839ad033ab478fcf0cc96a97dea,
        type: 3}
      propertyPath: m_LocalPosition.x
      value: 44.2
      objectReference: {fileID: 0}
    - target: {fileID: 3090348001039745070, guid: 866c9839ad033ab478fcf0cc96a97dea,
        type: 3}
      propertyPath: m_LocalPosition.y
      value: 0.396
      objectReference: {fileID: 0}
    - target: {fileID: 3090348001039745070, guid: 866c9839ad033ab478fcf0cc96a97dea,
        type: 3}
      propertyPath: m_LocalPosition.z
      value: -30.36
      objectReference: {fileID: 0}
    - target: {fileID: 3090348001039745070, guid: 866c9839ad033ab478fcf0cc96a97dea,
        type: 3}
      propertyPath: m_LocalRotation.x
      value: -0
      objectReference: {fileID: 0}
    - target: {fileID: 3090348001039745070, guid: 866c9839ad033ab478fcf0cc96a97dea,
        type: 3}
      propertyPath: m_LocalRotation.y
      value: -0.7816919
      objectReference: {fileID: 0}
    - target: {fileID: 3090348001039745070, guid: 866c9839ad033ab478fcf0cc96a97dea,
        type: 3}
      propertyPath: m_LocalRotation.z
      value: -0
      objectReference: {fileID: 0}
    - target: {fileID: 3090348001039745070, guid: 866c9839ad033ab478fcf0cc96a97dea,
        type: 3}
      propertyPath: m_LocalRotation.w
      value: -0.62366486
      objectReference: {fileID: 0}
    - target: {fileID: 3090348001039745070, guid: 866c9839ad033ab478fcf0cc96a97dea,
        type: 3}
      propertyPath: m_RootOrder
      value: 10
      objectReference: {fileID: 0}
    - target: {fileID: 3090348001039745070, guid: 866c9839ad033ab478fcf0cc96a97dea,
        type: 3}
      propertyPath: m_LocalEulerAnglesHint.x
      value: 0
      objectReference: {fileID: 0}
    - target: {fileID: 3090348001039745070, guid: 866c9839ad033ab478fcf0cc96a97dea,
        type: 3}
      propertyPath: m_LocalEulerAnglesHint.y
      value: -257.168
      objectReference: {fileID: 0}
    - target: {fileID: 3090348001039745070, guid: 866c9839ad033ab478fcf0cc96a97dea,
        type: 3}
      propertyPath: m_LocalEulerAnglesHint.z
      value: 0
      objectReference: {fileID: 0}
    m_RemovedComponents: []
  m_SourcePrefab: {fileID: 100100000, guid: 866c9839ad033ab478fcf0cc96a97dea, type: 3}
--- !u!4 &5178979282439277318 stripped
Transform:
  m_CorrespondingSourceObject: {fileID: 3090348001039745070, guid: 866c9839ad033ab478fcf0cc96a97dea,
    type: 3}
  m_PrefabInstance: {fileID: 7871290588018412328}
  m_PrefabAsset: {fileID: 0}
--- !u!1001 &8050617722176945130
PrefabInstance:
  m_ObjectHideFlags: 0
  serializedVersion: 2
  m_Modification:
    m_TransformParent: {fileID: 8050617722689990574}
    m_Modifications:
    - target: {fileID: -4216859302048453862, guid: 24205d78376b01b4ba23ef99e932777e,
        type: 3}
      propertyPath: m_LocalPosition.x
      value: 16.2
      objectReference: {fileID: 0}
    - target: {fileID: -4216859302048453862, guid: 24205d78376b01b4ba23ef99e932777e,
        type: 3}
      propertyPath: m_LocalPosition.y
      value: 0.659
      objectReference: {fileID: 0}
    - target: {fileID: -4216859302048453862, guid: 24205d78376b01b4ba23ef99e932777e,
        type: 3}
      propertyPath: m_LocalPosition.z
      value: 0
      objectReference: {fileID: 0}
    - target: {fileID: -4216859302048453862, guid: 24205d78376b01b4ba23ef99e932777e,
        type: 3}
      propertyPath: m_LocalRotation.x
      value: -0
      objectReference: {fileID: 0}
    - target: {fileID: -4216859302048453862, guid: 24205d78376b01b4ba23ef99e932777e,
        type: 3}
      propertyPath: m_LocalRotation.y
      value: -0
      objectReference: {fileID: 0}
    - target: {fileID: -4216859302048453862, guid: 24205d78376b01b4ba23ef99e932777e,
        type: 3}
      propertyPath: m_LocalRotation.z
      value: -0
      objectReference: {fileID: 0}
    - target: {fileID: -4216859302048453862, guid: 24205d78376b01b4ba23ef99e932777e,
        type: 3}
      propertyPath: m_LocalRotation.w
      value: 1
      objectReference: {fileID: 0}
    - target: {fileID: -4216859302048453862, guid: 24205d78376b01b4ba23ef99e932777e,
        type: 3}
      propertyPath: m_RootOrder
      value: 0
      objectReference: {fileID: 0}
    - target: {fileID: -4216859302048453862, guid: 24205d78376b01b4ba23ef99e932777e,
        type: 3}
      propertyPath: m_LocalEulerAnglesHint.x
      value: 0
      objectReference: {fileID: 0}
    - target: {fileID: -4216859302048453862, guid: 24205d78376b01b4ba23ef99e932777e,
        type: 3}
      propertyPath: m_LocalEulerAnglesHint.y
      value: 0
      objectReference: {fileID: 0}
    - target: {fileID: -4216859302048453862, guid: 24205d78376b01b4ba23ef99e932777e,
        type: 3}
      propertyPath: m_LocalEulerAnglesHint.z
      value: 0
      objectReference: {fileID: 0}
    - target: {fileID: -927199367670048503, guid: 24205d78376b01b4ba23ef99e932777e,
        type: 3}
      propertyPath: m_Name
      value: bird (1)
      objectReference: {fileID: 0}
    m_RemovedComponents: []
  m_SourcePrefab: {fileID: 100100000, guid: 24205d78376b01b4ba23ef99e932777e, type: 3}
--- !u!1 &2060510339046138595 stripped
GameObject:
  m_CorrespondingSourceObject: {fileID: -927199367670048503, guid: 24205d78376b01b4ba23ef99e932777e,
    type: 3}
  m_PrefabInstance: {fileID: 8050617722176945130}
  m_PrefabAsset: {fileID: 0}
--- !u!4 &3081375721462665456 stripped
Transform:
  m_CorrespondingSourceObject: {fileID: -4216859302048453862, guid: 24205d78376b01b4ba23ef99e932777e,
    type: 3}
  m_PrefabInstance: {fileID: 8050617722176945130}
  m_PrefabAsset: {fileID: 0}
--- !u!1001 &8050617722399280439
PrefabInstance:
  m_ObjectHideFlags: 0
  serializedVersion: 2
  m_Modification:
    m_TransformParent: {fileID: 8050617723321459761}
    m_Modifications:
    - target: {fileID: -4216859302048453862, guid: 24205d78376b01b4ba23ef99e932777e,
        type: 3}
      propertyPath: m_LocalPosition.x
      value: 33.634003
      objectReference: {fileID: 0}
    - target: {fileID: -4216859302048453862, guid: 24205d78376b01b4ba23ef99e932777e,
        type: 3}
      propertyPath: m_LocalPosition.y
      value: -0.157
      objectReference: {fileID: 0}
    - target: {fileID: -4216859302048453862, guid: 24205d78376b01b4ba23ef99e932777e,
        type: 3}
      propertyPath: m_LocalPosition.z
      value: 12.495
      objectReference: {fileID: 0}
    - target: {fileID: -4216859302048453862, guid: 24205d78376b01b4ba23ef99e932777e,
        type: 3}
      propertyPath: m_LocalRotation.x
      value: -0
      objectReference: {fileID: 0}
    - target: {fileID: -4216859302048453862, guid: 24205d78376b01b4ba23ef99e932777e,
        type: 3}
      propertyPath: m_LocalRotation.y
      value: 0.30367783
      objectReference: {fileID: 0}
    - target: {fileID: -4216859302048453862, guid: 24205d78376b01b4ba23ef99e932777e,
        type: 3}
      propertyPath: m_LocalRotation.z
      value: -0
      objectReference: {fileID: 0}
    - target: {fileID: -4216859302048453862, guid: 24205d78376b01b4ba23ef99e932777e,
        type: 3}
      propertyPath: m_LocalRotation.w
      value: 0.95277476
      objectReference: {fileID: 0}
    - target: {fileID: -4216859302048453862, guid: 24205d78376b01b4ba23ef99e932777e,
        type: 3}
      propertyPath: m_RootOrder
      value: 6
      objectReference: {fileID: 0}
    - target: {fileID: -4216859302048453862, guid: 24205d78376b01b4ba23ef99e932777e,
        type: 3}
      propertyPath: m_LocalEulerAnglesHint.x
      value: 0
      objectReference: {fileID: 0}
    - target: {fileID: -4216859302048453862, guid: 24205d78376b01b4ba23ef99e932777e,
        type: 3}
      propertyPath: m_LocalEulerAnglesHint.y
      value: 35.357002
      objectReference: {fileID: 0}
    - target: {fileID: -4216859302048453862, guid: 24205d78376b01b4ba23ef99e932777e,
        type: 3}
      propertyPath: m_LocalEulerAnglesHint.z
      value: 0
      objectReference: {fileID: 0}
    - target: {fileID: -927199367670048503, guid: 24205d78376b01b4ba23ef99e932777e,
        type: 3}
      propertyPath: m_Name
      value: bird (4)
      objectReference: {fileID: 0}
    m_RemovedComponents: []
  m_SourcePrefab: {fileID: 100100000, guid: 24205d78376b01b4ba23ef99e932777e, type: 3}
--- !u!4 &3081375721701729837 stripped
Transform:
  m_CorrespondingSourceObject: {fileID: -4216859302048453862, guid: 24205d78376b01b4ba23ef99e932777e,
    type: 3}
  m_PrefabInstance: {fileID: 8050617722399280439}
  m_PrefabAsset: {fileID: 0}
--- !u!1001 &8050617723029510113
PrefabInstance:
  m_ObjectHideFlags: 0
  serializedVersion: 2
  m_Modification:
    m_TransformParent: {fileID: 8050617723321459761}
    m_Modifications:
    - target: {fileID: -4216859302048453862, guid: 24205d78376b01b4ba23ef99e932777e,
        type: 3}
      propertyPath: m_LocalPosition.x
      value: 33.257
      objectReference: {fileID: 0}
    - target: {fileID: -4216859302048453862, guid: 24205d78376b01b4ba23ef99e932777e,
        type: 3}
      propertyPath: m_LocalPosition.y
      value: -0.157
      objectReference: {fileID: 0}
    - target: {fileID: -4216859302048453862, guid: 24205d78376b01b4ba23ef99e932777e,
        type: 3}
      propertyPath: m_LocalPosition.z
      value: 12.158
      objectReference: {fileID: 0}
    - target: {fileID: -4216859302048453862, guid: 24205d78376b01b4ba23ef99e932777e,
        type: 3}
      propertyPath: m_LocalRotation.x
      value: -0
      objectReference: {fileID: 0}
    - target: {fileID: -4216859302048453862, guid: 24205d78376b01b4ba23ef99e932777e,
        type: 3}
      propertyPath: m_LocalRotation.y
      value: -0.35083377
      objectReference: {fileID: 0}
    - target: {fileID: -4216859302048453862, guid: 24205d78376b01b4ba23ef99e932777e,
        type: 3}
      propertyPath: m_LocalRotation.z
      value: -0
      objectReference: {fileID: 0}
    - target: {fileID: -4216859302048453862, guid: 24205d78376b01b4ba23ef99e932777e,
        type: 3}
      propertyPath: m_LocalRotation.w
      value: 0.9364377
      objectReference: {fileID: 0}
    - target: {fileID: -4216859302048453862, guid: 24205d78376b01b4ba23ef99e932777e,
        type: 3}
      propertyPath: m_RootOrder
      value: 5
      objectReference: {fileID: 0}
    - target: {fileID: -4216859302048453862, guid: 24205d78376b01b4ba23ef99e932777e,
        type: 3}
      propertyPath: m_LocalEulerAnglesHint.x
      value: 0
      objectReference: {fileID: 0}
    - target: {fileID: -4216859302048453862, guid: 24205d78376b01b4ba23ef99e932777e,
        type: 3}
      propertyPath: m_LocalEulerAnglesHint.y
      value: -41.077003
      objectReference: {fileID: 0}
    - target: {fileID: -4216859302048453862, guid: 24205d78376b01b4ba23ef99e932777e,
        type: 3}
      propertyPath: m_LocalEulerAnglesHint.z
      value: 0
      objectReference: {fileID: 0}
    - target: {fileID: -927199367670048503, guid: 24205d78376b01b4ba23ef99e932777e,
        type: 3}
      propertyPath: m_Name
      value: bird (3)
      objectReference: {fileID: 0}
    m_RemovedComponents: []
  m_SourcePrefab: {fileID: 100100000, guid: 24205d78376b01b4ba23ef99e932777e, type: 3}
--- !u!4 &3081375722283662587 stripped
Transform:
  m_CorrespondingSourceObject: {fileID: -4216859302048453862, guid: 24205d78376b01b4ba23ef99e932777e,
    type: 3}
  m_PrefabInstance: {fileID: 8050617723029510113}
  m_PrefabAsset: {fileID: 0}
--- !u!1001 &8050617723661861166
PrefabInstance:
  m_ObjectHideFlags: 0
  serializedVersion: 2
  m_Modification:
    m_TransformParent: {fileID: 8050617723321459761}
    m_Modifications:
    - target: {fileID: -4216859302048453862, guid: 24205d78376b01b4ba23ef99e932777e,
        type: 3}
      propertyPath: m_LocalPosition.x
      value: 4.31
      objectReference: {fileID: 0}
    - target: {fileID: -4216859302048453862, guid: 24205d78376b01b4ba23ef99e932777e,
        type: 3}
      propertyPath: m_LocalPosition.y
      value: -0.647
      objectReference: {fileID: 0}
    - target: {fileID: -4216859302048453862, guid: 24205d78376b01b4ba23ef99e932777e,
        type: 3}
      propertyPath: m_LocalPosition.z
      value: 8.887
      objectReference: {fileID: 0}
    - target: {fileID: -4216859302048453862, guid: 24205d78376b01b4ba23ef99e932777e,
        type: 3}
      propertyPath: m_LocalRotation.x
      value: -0
      objectReference: {fileID: 0}
    - target: {fileID: -4216859302048453862, guid: 24205d78376b01b4ba23ef99e932777e,
        type: 3}
      propertyPath: m_LocalRotation.y
      value: 0.30367783
      objectReference: {fileID: 0}
    - target: {fileID: -4216859302048453862, guid: 24205d78376b01b4ba23ef99e932777e,
        type: 3}
      propertyPath: m_LocalRotation.z
      value: -0
      objectReference: {fileID: 0}
    - target: {fileID: -4216859302048453862, guid: 24205d78376b01b4ba23ef99e932777e,
        type: 3}
      propertyPath: m_LocalRotation.w
      value: 0.95277476
      objectReference: {fileID: 0}
    - target: {fileID: -4216859302048453862, guid: 24205d78376b01b4ba23ef99e932777e,
        type: 3}
      propertyPath: m_RootOrder
      value: 3
      objectReference: {fileID: 0}
    - target: {fileID: -4216859302048453862, guid: 24205d78376b01b4ba23ef99e932777e,
        type: 3}
      propertyPath: m_LocalEulerAnglesHint.x
      value: 0
      objectReference: {fileID: 0}
    - target: {fileID: -4216859302048453862, guid: 24205d78376b01b4ba23ef99e932777e,
        type: 3}
      propertyPath: m_LocalEulerAnglesHint.y
      value: 35.357002
      objectReference: {fileID: 0}
    - target: {fileID: -4216859302048453862, guid: 24205d78376b01b4ba23ef99e932777e,
        type: 3}
      propertyPath: m_LocalEulerAnglesHint.z
      value: 0
      objectReference: {fileID: 0}
    - target: {fileID: -927199367670048503, guid: 24205d78376b01b4ba23ef99e932777e,
        type: 3}
      propertyPath: m_Name
      value: bird (2)
      objectReference: {fileID: 0}
    m_RemovedComponents: []
  m_SourcePrefab: {fileID: 100100000, guid: 24205d78376b01b4ba23ef99e932777e, type: 3}
--- !u!4 &3081375722930825780 stripped
Transform:
  m_CorrespondingSourceObject: {fileID: -4216859302048453862, guid: 24205d78376b01b4ba23ef99e932777e,
    type: 3}
  m_PrefabInstance: {fileID: 8050617723661861166}
  m_PrefabAsset: {fileID: 0}
--- !u!1 &2060510337041111079 stripped
GameObject:
  m_CorrespondingSourceObject: {fileID: -927199367670048503, guid: 24205d78376b01b4ba23ef99e932777e,
    type: 3}
  m_PrefabInstance: {fileID: 8050617723661861166}
  m_PrefabAsset: {fileID: 0}
--- !u!1001 &8050617723675256576
PrefabInstance:
  m_ObjectHideFlags: 0
  serializedVersion: 2
  m_Modification:
    m_TransformParent: {fileID: 8050617723321459761}
    m_Modifications:
    - target: {fileID: -4216859302048453862, guid: 198af3ab2012d2c4fae2cf791934f2fd,
        type: 3}
      propertyPath: m_LocalPosition.x
      value: 59.2
      objectReference: {fileID: 0}
    - target: {fileID: -4216859302048453862, guid: 198af3ab2012d2c4fae2cf791934f2fd,
        type: 3}
      propertyPath: m_LocalPosition.y
      value: -0.499
      objectReference: {fileID: 0}
    - target: {fileID: -4216859302048453862, guid: 198af3ab2012d2c4fae2cf791934f2fd,
        type: 3}
      propertyPath: m_LocalPosition.z
      value: 28.9
      objectReference: {fileID: 0}
    - target: {fileID: -4216859302048453862, guid: 198af3ab2012d2c4fae2cf791934f2fd,
        type: 3}
      propertyPath: m_LocalRotation.x
      value: -0
      objectReference: {fileID: 0}
    - target: {fileID: -4216859302048453862, guid: 198af3ab2012d2c4fae2cf791934f2fd,
        type: 3}
      propertyPath: m_LocalRotation.y
      value: -0
      objectReference: {fileID: 0}
    - target: {fileID: -4216859302048453862, guid: 198af3ab2012d2c4fae2cf791934f2fd,
        type: 3}
      propertyPath: m_LocalRotation.z
      value: -0
      objectReference: {fileID: 0}
    - target: {fileID: -4216859302048453862, guid: 198af3ab2012d2c4fae2cf791934f2fd,
        type: 3}
      propertyPath: m_LocalRotation.w
      value: 1
      objectReference: {fileID: 0}
    - target: {fileID: -4216859302048453862, guid: 198af3ab2012d2c4fae2cf791934f2fd,
        type: 3}
      propertyPath: m_RootOrder
      value: 7
      objectReference: {fileID: 0}
    - target: {fileID: -4216859302048453862, guid: 198af3ab2012d2c4fae2cf791934f2fd,
        type: 3}
      propertyPath: m_LocalEulerAnglesHint.x
      value: 0
      objectReference: {fileID: 0}
    - target: {fileID: -4216859302048453862, guid: 198af3ab2012d2c4fae2cf791934f2fd,
        type: 3}
      propertyPath: m_LocalEulerAnglesHint.y
      value: 0
      objectReference: {fileID: 0}
    - target: {fileID: -4216859302048453862, guid: 198af3ab2012d2c4fae2cf791934f2fd,
        type: 3}
      propertyPath: m_LocalEulerAnglesHint.z
      value: 0
      objectReference: {fileID: 0}
    - target: {fileID: -1384780477371327967, guid: 198af3ab2012d2c4fae2cf791934f2fd,
        type: 3}
      propertyPath: m_Materials.Array.data[0]
      value: 
      objectReference: {fileID: 2100000, guid: 3e58d2d317d4bd049b5c563b80df9ed0, type: 2}
    - target: {fileID: -927199367670048503, guid: 198af3ab2012d2c4fae2cf791934f2fd,
        type: 3}
      propertyPath: m_Name
      value: character_decor
      objectReference: {fileID: 0}
    - target: {fileID: 5207343167419099076, guid: 198af3ab2012d2c4fae2cf791934f2fd,
        type: 3}
      propertyPath: m_Materials.Array.data[0]
      value: 
      objectReference: {fileID: 2100000, guid: f201f01a6a9572a4f936af8357498152, type: 2}
    m_RemovedComponents: []
  m_SourcePrefab: {fileID: 100100000, guid: 198af3ab2012d2c4fae2cf791934f2fd, type: 3}
--- !u!4 &3081375722979789850 stripped
Transform:
  m_CorrespondingSourceObject: {fileID: -4216859302048453862, guid: 198af3ab2012d2c4fae2cf791934f2fd,
    type: 3}
  m_PrefabInstance: {fileID: 8050617723675256576}
  m_PrefabAsset: {fileID: 0}
--- !u!1 &2060510336987954697 stripped
GameObject:
  m_CorrespondingSourceObject: {fileID: -927199367670048503, guid: 198af3ab2012d2c4fae2cf791934f2fd,
    type: 3}
  m_PrefabInstance: {fileID: 8050617723675256576}
  m_PrefabAsset: {fileID: 0}
--- !u!1001 &8050617723722366184
PrefabInstance:
  m_ObjectHideFlags: 0
  serializedVersion: 2
  m_Modification:
    m_TransformParent: {fileID: 8050617723321459761}
    m_Modifications:
    - target: {fileID: -4216859302048453862, guid: 24205d78376b01b4ba23ef99e932777e,
        type: 3}
      propertyPath: m_LocalPosition.x
      value: 24.666
      objectReference: {fileID: 0}
    - target: {fileID: -4216859302048453862, guid: 24205d78376b01b4ba23ef99e932777e,
        type: 3}
      propertyPath: m_LocalPosition.y
      value: 0.748
      objectReference: {fileID: 0}
    - target: {fileID: -4216859302048453862, guid: 24205d78376b01b4ba23ef99e932777e,
        type: 3}
      propertyPath: m_LocalPosition.z
      value: 1.18
      objectReference: {fileID: 0}
    - target: {fileID: -4216859302048453862, guid: 24205d78376b01b4ba23ef99e932777e,
        type: 3}
      propertyPath: m_LocalRotation.x
      value: -0
      objectReference: {fileID: 0}
    - target: {fileID: -4216859302048453862, guid: 24205d78376b01b4ba23ef99e932777e,
        type: 3}
      propertyPath: m_LocalRotation.y
      value: -0
      objectReference: {fileID: 0}
    - target: {fileID: -4216859302048453862, guid: 24205d78376b01b4ba23ef99e932777e,
        type: 3}
      propertyPath: m_LocalRotation.z
      value: -0
      objectReference: {fileID: 0}
    - target: {fileID: -4216859302048453862, guid: 24205d78376b01b4ba23ef99e932777e,
        type: 3}
      propertyPath: m_LocalRotation.w
      value: 1
      objectReference: {fileID: 0}
    - target: {fileID: -4216859302048453862, guid: 24205d78376b01b4ba23ef99e932777e,
        type: 3}
      propertyPath: m_RootOrder
      value: 0
      objectReference: {fileID: 0}
    - target: {fileID: -4216859302048453862, guid: 24205d78376b01b4ba23ef99e932777e,
        type: 3}
      propertyPath: m_LocalEulerAnglesHint.x
      value: 0
      objectReference: {fileID: 0}
    - target: {fileID: -4216859302048453862, guid: 24205d78376b01b4ba23ef99e932777e,
        type: 3}
      propertyPath: m_LocalEulerAnglesHint.y
      value: 0
      objectReference: {fileID: 0}
    - target: {fileID: -4216859302048453862, guid: 24205d78376b01b4ba23ef99e932777e,
        type: 3}
      propertyPath: m_LocalEulerAnglesHint.z
      value: 0
      objectReference: {fileID: 0}
    - target: {fileID: -927199367670048503, guid: 24205d78376b01b4ba23ef99e932777e,
        type: 3}
      propertyPath: m_Name
      value: bird
      objectReference: {fileID: 0}
    m_RemovedComponents: []
  m_SourcePrefab: {fileID: 100100000, guid: 24205d78376b01b4ba23ef99e932777e, type: 3}
--- !u!4 &3081375723009005554 stripped
Transform:
  m_CorrespondingSourceObject: {fileID: -4216859302048453862, guid: 24205d78376b01b4ba23ef99e932777e,
    type: 3}
  m_PrefabInstance: {fileID: 8050617723722366184}
  m_PrefabAsset: {fileID: 0}
--- !u!1001 &8050617723776943550
PrefabInstance:
  m_ObjectHideFlags: 0
  serializedVersion: 2
  m_Modification:
    m_TransformParent: {fileID: 8050617722298443995}
    m_Modifications:
    - target: {fileID: -4216859302048453862, guid: 24205d78376b01b4ba23ef99e932777e,
        type: 3}
      propertyPath: m_LocalPosition.x
      value: 16.2
      objectReference: {fileID: 0}
    - target: {fileID: -4216859302048453862, guid: 24205d78376b01b4ba23ef99e932777e,
        type: 3}
      propertyPath: m_LocalPosition.y
      value: 0.659
      objectReference: {fileID: 0}
    - target: {fileID: -4216859302048453862, guid: 24205d78376b01b4ba23ef99e932777e,
        type: 3}
      propertyPath: m_LocalPosition.z
      value: 0
      objectReference: {fileID: 0}
    - target: {fileID: -4216859302048453862, guid: 24205d78376b01b4ba23ef99e932777e,
        type: 3}
      propertyPath: m_LocalRotation.x
      value: -0
      objectReference: {fileID: 0}
    - target: {fileID: -4216859302048453862, guid: 24205d78376b01b4ba23ef99e932777e,
        type: 3}
      propertyPath: m_LocalRotation.y
      value: -0
      objectReference: {fileID: 0}
    - target: {fileID: -4216859302048453862, guid: 24205d78376b01b4ba23ef99e932777e,
        type: 3}
      propertyPath: m_LocalRotation.z
      value: -0
      objectReference: {fileID: 0}
    - target: {fileID: -4216859302048453862, guid: 24205d78376b01b4ba23ef99e932777e,
        type: 3}
      propertyPath: m_LocalRotation.w
      value: 1
      objectReference: {fileID: 0}
    - target: {fileID: -4216859302048453862, guid: 24205d78376b01b4ba23ef99e932777e,
        type: 3}
      propertyPath: m_RootOrder
      value: 0
      objectReference: {fileID: 0}
    - target: {fileID: -4216859302048453862, guid: 24205d78376b01b4ba23ef99e932777e,
        type: 3}
      propertyPath: m_LocalEulerAnglesHint.x
      value: 0
      objectReference: {fileID: 0}
    - target: {fileID: -4216859302048453862, guid: 24205d78376b01b4ba23ef99e932777e,
        type: 3}
      propertyPath: m_LocalEulerAnglesHint.y
      value: 0
      objectReference: {fileID: 0}
    - target: {fileID: -4216859302048453862, guid: 24205d78376b01b4ba23ef99e932777e,
        type: 3}
      propertyPath: m_LocalEulerAnglesHint.z
      value: 0
      objectReference: {fileID: 0}
    - target: {fileID: -927199367670048503, guid: 24205d78376b01b4ba23ef99e932777e,
        type: 3}
      propertyPath: m_Name
      value: bird (1)
      objectReference: {fileID: 0}
    m_RemovedComponents: []
  m_SourcePrefab: {fileID: 100100000, guid: 24205d78376b01b4ba23ef99e932777e, type: 3}
--- !u!4 &3081375723079462564 stripped
Transform:
  m_CorrespondingSourceObject: {fileID: -4216859302048453862, guid: 24205d78376b01b4ba23ef99e932777e,
    type: 3}
  m_PrefabInstance: {fileID: 8050617723776943550}
  m_PrefabAsset: {fileID: 0}
--- !u!1 &2060510337425153207 stripped
GameObject:
  m_CorrespondingSourceObject: {fileID: -927199367670048503, guid: 24205d78376b01b4ba23ef99e932777e,
    type: 3}
  m_PrefabInstance: {fileID: 8050617723776943550}
  m_PrefabAsset: {fileID: 0}
--- !u!1001 &8050617723883436430
PrefabInstance:
  m_ObjectHideFlags: 0
  serializedVersion: 2
  m_Modification:
    m_TransformParent: {fileID: 8050617723321459761}
    m_Modifications:
    - target: {fileID: -4216859302048453862, guid: 24205d78376b01b4ba23ef99e932777e,
        type: 3}
      propertyPath: m_LocalPosition.x
      value: 3.9329998
      objectReference: {fileID: 0}
    - target: {fileID: -4216859302048453862, guid: 24205d78376b01b4ba23ef99e932777e,
        type: 3}
      propertyPath: m_LocalPosition.y
      value: -0.647
      objectReference: {fileID: 0}
    - target: {fileID: -4216859302048453862, guid: 24205d78376b01b4ba23ef99e932777e,
        type: 3}
      propertyPath: m_LocalPosition.z
      value: 8.549999
      objectReference: {fileID: 0}
    - target: {fileID: -4216859302048453862, guid: 24205d78376b01b4ba23ef99e932777e,
        type: 3}
      propertyPath: m_LocalRotation.x
      value: -0
      objectReference: {fileID: 0}
    - target: {fileID: -4216859302048453862, guid: 24205d78376b01b4ba23ef99e932777e,
        type: 3}
      propertyPath: m_LocalRotation.y
      value: -0.35083377
      objectReference: {fileID: 0}
    - target: {fileID: -4216859302048453862, guid: 24205d78376b01b4ba23ef99e932777e,
        type: 3}
      propertyPath: m_LocalRotation.z
      value: -0
      objectReference: {fileID: 0}
    - target: {fileID: -4216859302048453862, guid: 24205d78376b01b4ba23ef99e932777e,
        type: 3}
      propertyPath: m_LocalRotation.w
      value: 0.9364377
      objectReference: {fileID: 0}
    - target: {fileID: -4216859302048453862, guid: 24205d78376b01b4ba23ef99e932777e,
        type: 3}
      propertyPath: m_RootOrder
      value: 2
      objectReference: {fileID: 0}
    - target: {fileID: -4216859302048453862, guid: 24205d78376b01b4ba23ef99e932777e,
        type: 3}
      propertyPath: m_LocalEulerAnglesHint.x
      value: 0
      objectReference: {fileID: 0}
    - target: {fileID: -4216859302048453862, guid: 24205d78376b01b4ba23ef99e932777e,
        type: 3}
      propertyPath: m_LocalEulerAnglesHint.y
      value: -41.077003
      objectReference: {fileID: 0}
    - target: {fileID: -4216859302048453862, guid: 24205d78376b01b4ba23ef99e932777e,
        type: 3}
      propertyPath: m_LocalEulerAnglesHint.z
      value: 0
      objectReference: {fileID: 0}
    - target: {fileID: -927199367670048503, guid: 24205d78376b01b4ba23ef99e932777e,
        type: 3}
      propertyPath: m_Name
      value: bird (1)
      objectReference: {fileID: 0}
    m_RemovedComponents: []
  m_SourcePrefab: {fileID: 100100000, guid: 24205d78376b01b4ba23ef99e932777e, type: 3}
--- !u!4 &3081375723170075284 stripped
Transform:
  m_CorrespondingSourceObject: {fileID: -4216859302048453862, guid: 24205d78376b01b4ba23ef99e932777e,
    type: 3}
  m_PrefabInstance: {fileID: 8050617723883436430}
  m_PrefabAsset: {fileID: 0}
--- !u!1 &2060510337329160327 stripped
GameObject:
  m_CorrespondingSourceObject: {fileID: -927199367670048503, guid: 24205d78376b01b4ba23ef99e932777e,
    type: 3}
  m_PrefabInstance: {fileID: 8050617723883436430}
  m_PrefabAsset: {fileID: 0}
--- !u!1001 &8840758812699394437
PrefabInstance:
  m_ObjectHideFlags: 0
  serializedVersion: 2
  m_Modification:
    m_TransformParent: {fileID: 8050617723321459761}
    m_Modifications:
    - target: {fileID: 6041496898304562908, guid: b6c7994032d82214eb8133f717580e33,
        type: 3}
      propertyPath: m_Name
      value: Voilier_avance (1)
      objectReference: {fileID: 0}
    - target: {fileID: 6041496898304562909, guid: b6c7994032d82214eb8133f717580e33,
        type: 3}
      propertyPath: m_LocalPosition.x
      value: 226.4
      objectReference: {fileID: 0}
    - target: {fileID: 6041496898304562909, guid: b6c7994032d82214eb8133f717580e33,
        type: 3}
      propertyPath: m_LocalPosition.y
      value: -2.5
      objectReference: {fileID: 0}
    - target: {fileID: 6041496898304562909, guid: b6c7994032d82214eb8133f717580e33,
        type: 3}
      propertyPath: m_LocalPosition.z
      value: -267.8
      objectReference: {fileID: 0}
    - target: {fileID: 6041496898304562909, guid: b6c7994032d82214eb8133f717580e33,
        type: 3}
      propertyPath: m_LocalRotation.x
      value: -0
      objectReference: {fileID: 0}
    - target: {fileID: 6041496898304562909, guid: b6c7994032d82214eb8133f717580e33,
        type: 3}
      propertyPath: m_LocalRotation.y
      value: 1
      objectReference: {fileID: 0}
    - target: {fileID: 6041496898304562909, guid: b6c7994032d82214eb8133f717580e33,
        type: 3}
      propertyPath: m_LocalRotation.z
      value: -0
      objectReference: {fileID: 0}
    - target: {fileID: 6041496898304562909, guid: b6c7994032d82214eb8133f717580e33,
        type: 3}
      propertyPath: m_LocalRotation.w
      value: 0
      objectReference: {fileID: 0}
    - target: {fileID: 6041496898304562909, guid: b6c7994032d82214eb8133f717580e33,
        type: 3}
      propertyPath: m_RootOrder
      value: 13
      objectReference: {fileID: 0}
    - target: {fileID: 6041496898304562909, guid: b6c7994032d82214eb8133f717580e33,
        type: 3}
      propertyPath: m_LocalEulerAnglesHint.x
      value: 0
      objectReference: {fileID: 0}
    - target: {fileID: 6041496898304562909, guid: b6c7994032d82214eb8133f717580e33,
        type: 3}
      propertyPath: m_LocalEulerAnglesHint.y
      value: 180
      objectReference: {fileID: 0}
    - target: {fileID: 6041496898304562909, guid: b6c7994032d82214eb8133f717580e33,
        type: 3}
      propertyPath: m_LocalEulerAnglesHint.z
      value: 0
      objectReference: {fileID: 0}
    m_RemovedComponents: []
  m_SourcePrefab: {fileID: 100100000, guid: b6c7994032d82214eb8133f717580e33, type: 3}
--- !u!4 &2983382036331059032 stripped
Transform:
  m_CorrespondingSourceObject: {fileID: 6041496898304562909, guid: b6c7994032d82214eb8133f717580e33,
    type: 3}
  m_PrefabInstance: {fileID: 8840758812699394437}
  m_PrefabAsset: {fileID: 0}
