%YAML 1.1
%TAG !u! tag:unity3d.com,2011:
--- !u!1 &279050008
GameObject:
  m_ObjectHideFlags: 0
  m_CorrespondingSourceObject: {fileID: 0}
  m_PrefabInstance: {fileID: 0}
  m_PrefabAsset: {fileID: 0}
  serializedVersion: 6
  m_Component:
  - component: {fileID: 279050009}
  m_Layer: 0
  m_Name: Voilier_idle_holder (1)
  m_TagString: Untagged
  m_Icon: {fileID: 0}
  m_NavMeshLayer: 0
  m_StaticEditorFlags: 0
  m_IsActive: 1
--- !u!4 &279050009
Transform:
  m_ObjectHideFlags: 0
  m_CorrespondingSourceObject: {fileID: 0}
  m_PrefabInstance: {fileID: 0}
  m_PrefabAsset: {fileID: 0}
  m_GameObject: {fileID: 279050008}
  m_LocalRotation: {x: -0, y: 0.7140659, z: -0, w: 0.7000785}
  m_LocalPosition: {x: 139.41, y: -0.8, z: -96.98}
  m_LocalScale: {x: 1, y: 1, z: 1}
  m_Children:
  - {fileID: 5006512735424531890}
  m_Father: {fileID: 181827610597061395}
  m_RootOrder: 15
  m_LocalEulerAnglesHint: {x: 0, y: 91.133, z: 0}
--- !u!95 &661045394
Animator:
  serializedVersion: 3
  m_ObjectHideFlags: 0
  m_CorrespondingSourceObject: {fileID: 0}
  m_PrefabInstance: {fileID: 0}
  m_PrefabAsset: {fileID: 0}
  m_GameObject: {fileID: 8296172669222868672}
  m_Enabled: 1
  m_Avatar: {fileID: 0}
  m_Controller: {fileID: 9100000, guid: 0d840102efb1bc54ab03b07262598842, type: 2}
  m_CullingMode: 0
  m_UpdateMode: 0
  m_ApplyRootMotion: 0
  m_LinearVelocityBlending: 0
  m_WarningMessage: 
  m_HasTransformHierarchy: 1
  m_AllowConstantClipSamplingOptimization: 1
  m_KeepAnimatorControllerStateOnDisable: 0
--- !u!114 &661045393
MonoBehaviour:
  m_ObjectHideFlags: 0
  m_CorrespondingSourceObject: {fileID: 0}
  m_PrefabInstance: {fileID: 0}
  m_PrefabAsset: {fileID: 0}
  m_GameObject: {fileID: 8296172669222868672}
  m_Enabled: 1
  m_EditorHideFlags: 0
  m_Script: {fileID: 11500000, guid: 953531b99e69a254ca373db38233432c, type: 3}
  m_Name: 
  m_EditorClassIdentifier: 
  P_Anim: {fileID: 661045394}
  AnimSelector: 0
  IsFlying: 0
  FlyingPoint: {fileID: 0}
  rotatingspeed: 0
--- !u!95 &1487058924
Animator:
  serializedVersion: 3
  m_ObjectHideFlags: 0
  m_CorrespondingSourceObject: {fileID: 0}
  m_PrefabInstance: {fileID: 0}
  m_PrefabAsset: {fileID: 0}
  m_GameObject: {fileID: 8296172667599397242}
  m_Enabled: 1
  m_Avatar: {fileID: 0}
  m_Controller: {fileID: 9100000, guid: 0d840102efb1bc54ab03b07262598842, type: 2}
  m_CullingMode: 0
  m_UpdateMode: 0
  m_ApplyRootMotion: 0
  m_LinearVelocityBlending: 0
  m_WarningMessage: 
  m_HasTransformHierarchy: 1
  m_AllowConstantClipSamplingOptimization: 1
  m_KeepAnimatorControllerStateOnDisable: 0
--- !u!114 &1487058923
MonoBehaviour:
  m_ObjectHideFlags: 0
  m_CorrespondingSourceObject: {fileID: 0}
  m_PrefabInstance: {fileID: 0}
  m_PrefabAsset: {fileID: 0}
  m_GameObject: {fileID: 8296172667599397242}
  m_Enabled: 1
  m_EditorHideFlags: 0
  m_Script: {fileID: 11500000, guid: 953531b99e69a254ca373db38233432c, type: 3}
  m_Name: 
  m_EditorClassIdentifier: 
  P_Anim: {fileID: 1487058924}
  AnimSelector: 0
  IsFlying: 0
  FlyingPoint: {fileID: 0}
  rotatingspeed: 0
--- !u!1 &1675662926
GameObject:
  m_ObjectHideFlags: 0
  m_CorrespondingSourceObject: {fileID: 0}
  m_PrefabInstance: {fileID: 0}
  m_PrefabAsset: {fileID: 0}
  serializedVersion: 6
  m_Component:
  - component: {fileID: 1675662927}
  m_Layer: 0
  m_Name: Voilier_idle_holder (2)
  m_TagString: Untagged
  m_Icon: {fileID: 0}
  m_NavMeshLayer: 0
  m_StaticEditorFlags: 0
  m_IsActive: 1
--- !u!4 &1675662927
Transform:
  m_ObjectHideFlags: 0
  m_CorrespondingSourceObject: {fileID: 0}
  m_PrefabInstance: {fileID: 0}
  m_PrefabAsset: {fileID: 0}
  m_GameObject: {fileID: 1675662926}
  m_LocalRotation: {x: -0, y: 0.7140659, z: -0, w: 0.7000785}
  m_LocalPosition: {x: 158.27, y: -0.8, z: -97.35}
  m_LocalScale: {x: 1, y: 1, z: 1}
  m_Children:
  - {fileID: 5006512736690196048}
  m_Father: {fileID: 181827610597061395}
  m_RootOrder: 16
  m_LocalEulerAnglesHint: {x: 0, y: 91.133, z: 0}
--- !u!1 &1882374348
GameObject:
  m_ObjectHideFlags: 0
  m_CorrespondingSourceObject: {fileID: 0}
  m_PrefabInstance: {fileID: 0}
  m_PrefabAsset: {fileID: 0}
  serializedVersion: 6
  m_Component:
  - component: {fileID: 1882374349}
  m_Layer: 0
  m_Name: Voilier_idle_holder
  m_TagString: Untagged
  m_Icon: {fileID: 0}
  m_NavMeshLayer: 0
  m_StaticEditorFlags: 0
  m_IsActive: 1
--- !u!4 &1882374349
Transform:
  m_ObjectHideFlags: 0
  m_CorrespondingSourceObject: {fileID: 0}
  m_PrefabInstance: {fileID: 0}
  m_PrefabAsset: {fileID: 0}
  m_GameObject: {fileID: 1882374348}
  m_LocalRotation: {x: -0, y: 0.7140659, z: -0, w: 0.7000785}
  m_LocalPosition: {x: 120.1, y: -0.8, z: -96.59}
  m_LocalScale: {x: 1, y: 1, z: 1}
  m_Children:
  - {fileID: 5006512736501694498}
  - {fileID: 5456823017399350037}
  m_Father: {fileID: 181827610597061395}
  m_RootOrder: 14
  m_LocalEulerAnglesHint: {x: 0, y: 91.133, z: 0}
--- !u!1 &181827610597061394
GameObject:
  m_ObjectHideFlags: 0
  m_CorrespondingSourceObject: {fileID: 0}
  m_PrefabInstance: {fileID: 0}
  m_PrefabAsset: {fileID: 0}
  serializedVersion: 6
  m_Component:
  - component: {fileID: 181827610597061395}
  m_Layer: 0
  m_Name: Pigeon_Holder
  m_TagString: Untagged
  m_Icon: {fileID: 0}
  m_NavMeshLayer: 0
  m_StaticEditorFlags: 0
  m_IsActive: 1
--- !u!4 &181827610597061395
Transform:
  m_ObjectHideFlags: 0
  m_CorrespondingSourceObject: {fileID: 0}
  m_PrefabInstance: {fileID: 0}
  m_PrefabAsset: {fileID: 0}
  m_GameObject: {fileID: 181827610597061394}
  m_LocalRotation: {x: 0, y: 0, z: 0, w: 1}
  m_LocalPosition: {x: 0, y: 0, z: 0}
  m_LocalScale: {x: 1, y: 1, z: 1}
  m_Children:
  - {fileID: 5187953192855535824}
  - {fileID: 181827611585216505}
  - {fileID: 5187953193231074742}
  - {fileID: 5187953192901098774}
  - {fileID: 181827611764357260}
  - {fileID: 5187953192474651609}
  - {fileID: 5187953193627136271}
  - {fileID: 5187953192885672760}
  - {fileID: 5006512736185628824}
  - {fileID: 5006512735265319245}
  - {fileID: 3090348000230399012}
  - {fileID: 3090348001739922328}
  - {fileID: 9006021824118254396}
  - {fileID: 4925648480057131130}
  - {fileID: 1882374349}
  - {fileID: 279050009}
  - {fileID: 1675662927}
  - {fileID: 5006512736390599529}
  - {fileID: 5006512735312389331}
  - {fileID: 557239889}
  m_Father: {fileID: 0}
  m_RootOrder: 0
  m_LocalEulerAnglesHint: {x: 0, y: 0, z: 0}
--- !u!1 &181827611585216504
GameObject:
  m_ObjectHideFlags: 0
  m_CorrespondingSourceObject: {fileID: 0}
  m_PrefabInstance: {fileID: 0}
  m_PrefabAsset: {fileID: 0}
  serializedVersion: 6
  m_Component:
  - component: {fileID: 181827611585216505}
  m_Layer: 0
  m_Name: FlyingPoint
  m_TagString: Untagged
  m_Icon: {fileID: 0}
  m_NavMeshLayer: 0
  m_StaticEditorFlags: 0
  m_IsActive: 1
--- !u!4 &181827611585216505
Transform:
  m_ObjectHideFlags: 0
  m_CorrespondingSourceObject: {fileID: 0}
  m_PrefabInstance: {fileID: 0}
  m_PrefabAsset: {fileID: 0}
  m_GameObject: {fileID: 181827611585216504}
  m_LocalRotation: {x: 0, y: 0.8842086, z: 0, w: 0.46709225}
  m_LocalPosition: {x: 8.84, y: 7.55, z: 48.55}
  m_LocalScale: {x: 1, y: 1, z: 1}
  m_Children:
  - {fileID: 5187953193322887558}
  m_Father: {fileID: 181827610597061395}
  m_RootOrder: 1
  m_LocalEulerAnglesHint: {x: 0, y: 0, z: 0}
--- !u!1 &181827611764357251
GameObject:
  m_ObjectHideFlags: 0
  m_CorrespondingSourceObject: {fileID: 0}
  m_PrefabInstance: {fileID: 0}
  m_PrefabAsset: {fileID: 0}
  serializedVersion: 6
  m_Component:
  - component: {fileID: 181827611764357260}
  m_Layer: 0
  m_Name: FlyingPoint (1)
  m_TagString: Untagged
  m_Icon: {fileID: 0}
  m_NavMeshLayer: 0
  m_StaticEditorFlags: 0
  m_IsActive: 1
--- !u!4 &181827611764357260
Transform:
  m_ObjectHideFlags: 0
  m_CorrespondingSourceObject: {fileID: 0}
  m_PrefabInstance: {fileID: 0}
  m_PrefabAsset: {fileID: 0}
  m_GameObject: {fileID: 181827611764357251}
  m_LocalRotation: {x: 0, y: 0.8842086, z: 0, w: 0.46709225}
  m_LocalPosition: {x: 45.06, y: 2.1, z: 5.98}
  m_LocalScale: {x: 1, y: 1, z: 1}
  m_Children:
  - {fileID: 5187953193866184658}
  m_Father: {fileID: 181827610597061395}
  m_RootOrder: 4
  m_LocalEulerAnglesHint: {x: 0, y: 0, z: 0}
--- !u!1 &2273629924848308343
GameObject:
  m_ObjectHideFlags: 0
  m_CorrespondingSourceObject: {fileID: 0}
  m_PrefabInstance: {fileID: 0}
  m_PrefabAsset: {fileID: 0}
  serializedVersion: 6
  m_Component:
  - component: {fileID: 5456823017399350037}
  m_Layer: 0
  m_Name: FlyingPoint (2)
  m_TagString: Untagged
  m_Icon: {fileID: 0}
  m_NavMeshLayer: 0
  m_StaticEditorFlags: 0
  m_IsActive: 1
--- !u!4 &5456823017399350037
Transform:
  m_ObjectHideFlags: 0
  m_CorrespondingSourceObject: {fileID: 0}
  m_PrefabInstance: {fileID: 0}
  m_PrefabAsset: {fileID: 0}
  m_GameObject: {fileID: 2273629924848308343}
  m_LocalRotation: {x: -0, y: 0.28548077, z: 2.3283062e-10, w: 0.9583844}
  m_LocalPosition: {x: -1.8, y: 17.7, z: 46.9}
  m_LocalScale: {x: 1, y: 1, z: 1}
  m_Children:
  - {fileID: 8115440273497228874}
  m_Father: {fileID: 1882374349}
  m_RootOrder: 1
  m_LocalEulerAnglesHint: {x: 0, y: 0, z: 0}
--- !u!95 &94571731335876491
Animator:
  serializedVersion: 3
  m_ObjectHideFlags: 0
  m_CorrespondingSourceObject: {fileID: 0}
  m_PrefabInstance: {fileID: 0}
  m_PrefabAsset: {fileID: 0}
  m_GameObject: {fileID: 5099354843896968281}
  m_Enabled: 1
  m_Avatar: {fileID: 0}
  m_Controller: {fileID: 9100000, guid: 0d840102efb1bc54ab03b07262598842, type: 2}
  m_CullingMode: 0
  m_UpdateMode: 0
  m_ApplyRootMotion: 0
  m_LinearVelocityBlending: 0
  m_WarningMessage: 
  m_HasTransformHierarchy: 1
  m_AllowConstantClipSamplingOptimization: 1
  m_KeepAnimatorControllerStateOnDisable: 0
--- !u!114 &831042676974056790
MonoBehaviour:
  m_ObjectHideFlags: 0
  m_CorrespondingSourceObject: {fileID: 0}
  m_PrefabInstance: {fileID: 0}
  m_PrefabAsset: {fileID: 0}
  m_GameObject: {fileID: 5099354843896968281}
  m_Enabled: 1
  m_EditorHideFlags: 0
  m_Script: {fileID: 11500000, guid: 953531b99e69a254ca373db38233432c, type: 3}
  m_Name: 
  m_EditorClassIdentifier: 
  P_Anim: {fileID: 94571731335876491}
  AnimSelector: 0
  IsFlying: 1
  FlyingPoint: {fileID: 2273629924848308343}
  rotatingspeed: 10
--- !u!95 &181827611765318147
Animator:
  serializedVersion: 3
  m_ObjectHideFlags: 0
  m_CorrespondingSourceObject: {fileID: 0}
  m_PrefabInstance: {fileID: 0}
  m_PrefabAsset: {fileID: 0}
  m_GameObject: {fileID: 8188694390771398081}
  m_Enabled: 1
  m_Avatar: {fileID: 0}
  m_Controller: {fileID: 9100000, guid: 0d840102efb1bc54ab03b07262598842, type: 2}
  m_CullingMode: 0
  m_UpdateMode: 0
  m_ApplyRootMotion: 0
  m_LinearVelocityBlending: 0
  m_WarningMessage: 
  m_HasTransformHierarchy: 1
  m_AllowConstantClipSamplingOptimization: 1
  m_KeepAnimatorControllerStateOnDisable: 0
--- !u!114 &181827611765318146
MonoBehaviour:
  m_ObjectHideFlags: 0
  m_CorrespondingSourceObject: {fileID: 0}
  m_PrefabInstance: {fileID: 0}
  m_PrefabAsset: {fileID: 0}
  m_GameObject: {fileID: 8188694390771398081}
  m_Enabled: 1
  m_EditorHideFlags: 0
  m_Script: {fileID: 11500000, guid: 953531b99e69a254ca373db38233432c, type: 3}
  m_Name: 
  m_EditorClassIdentifier: 
  P_Anim: {fileID: 181827611765318147}
  AnimSelector: 0
  IsFlying: 1
  FlyingPoint: {fileID: 181827611764357251}
  rotatingspeed: 10
--- !u!95 &181827612183967929
Animator:
  serializedVersion: 3
  m_ObjectHideFlags: 0
  m_CorrespondingSourceObject: {fileID: 0}
  m_PrefabInstance: {fileID: 0}
  m_PrefabAsset: {fileID: 0}
  m_GameObject: {fileID: 8188694391199616773}
  m_Enabled: 1
  m_Avatar: {fileID: 0}
  m_Controller: {fileID: 9100000, guid: 0d840102efb1bc54ab03b07262598842, type: 2}
  m_CullingMode: 0
  m_UpdateMode: 0
  m_ApplyRootMotion: 0
  m_LinearVelocityBlending: 0
  m_WarningMessage: 
  m_HasTransformHierarchy: 1
  m_AllowConstantClipSamplingOptimization: 1
  m_KeepAnimatorControllerStateOnDisable: 0
--- !u!114 &181827612183967928
MonoBehaviour:
  m_ObjectHideFlags: 0
  m_CorrespondingSourceObject: {fileID: 0}
  m_PrefabInstance: {fileID: 0}
  m_PrefabAsset: {fileID: 0}
  m_GameObject: {fileID: 8188694391199616773}
  m_Enabled: 1
  m_EditorHideFlags: 0
  m_Script: {fileID: 11500000, guid: 953531b99e69a254ca373db38233432c, type: 3}
  m_Name: 
  m_EditorClassIdentifier: 
  P_Anim: {fileID: 181827612183967929}
  AnimSelector: 0
  IsFlying: 0
  FlyingPoint: {fileID: 0}
  rotatingspeed: 0
--- !u!95 &525969947
Animator:
  serializedVersion: 3
  m_ObjectHideFlags: 0
  m_CorrespondingSourceObject: {fileID: 0}
  m_PrefabInstance: {fileID: 0}
  m_PrefabAsset: {fileID: 0}
  m_GameObject: {fileID: 8188694391219235115}
  m_Enabled: 1
  m_Avatar: {fileID: 0}
  m_Controller: {fileID: 9100000, guid: 6333d8f405672484e8c8598ba004d8ff, type: 2}
  m_CullingMode: 0
  m_UpdateMode: 0
  m_ApplyRootMotion: 0
  m_LinearVelocityBlending: 0
  m_WarningMessage: 
  m_HasTransformHierarchy: 1
  m_AllowConstantClipSamplingOptimization: 1
  m_KeepAnimatorControllerStateOnDisable: 0
--- !u!95 &181827610876112893
Animator:
  serializedVersion: 3
  m_ObjectHideFlags: 0
  m_CorrespondingSourceObject: {fileID: 0}
  m_PrefabInstance: {fileID: 0}
  m_PrefabAsset: {fileID: 0}
  m_GameObject: {fileID: 8188694391318891413}
  m_Enabled: 1
  m_Avatar: {fileID: 0}
  m_Controller: {fileID: 9100000, guid: 0d840102efb1bc54ab03b07262598842, type: 2}
  m_CullingMode: 0
  m_UpdateMode: 0
  m_ApplyRootMotion: 0
  m_LinearVelocityBlending: 0
  m_WarningMessage: 
  m_HasTransformHierarchy: 1
  m_AllowConstantClipSamplingOptimization: 1
  m_KeepAnimatorControllerStateOnDisable: 0
--- !u!114 &181827610876112892
MonoBehaviour:
  m_ObjectHideFlags: 0
  m_CorrespondingSourceObject: {fileID: 0}
  m_PrefabInstance: {fileID: 0}
  m_PrefabAsset: {fileID: 0}
  m_GameObject: {fileID: 8188694391318891413}
  m_Enabled: 1
  m_EditorHideFlags: 0
  m_Script: {fileID: 11500000, guid: 953531b99e69a254ca373db38233432c, type: 3}
  m_Name: 
  m_EditorClassIdentifier: 
  P_Anim: {fileID: 181827610876112893}
  AnimSelector: 0
  IsFlying: 1
  FlyingPoint: {fileID: 181827611585216504}
  rotatingspeed: 10
--- !u!95 &181827610183891207
Animator:
  serializedVersion: 3
  m_ObjectHideFlags: 0
  m_CorrespondingSourceObject: {fileID: 0}
  m_PrefabInstance: {fileID: 0}
  m_PrefabAsset: {fileID: 0}
  m_GameObject: {fileID: 8188694391413716901}
  m_Enabled: 1
  m_Avatar: {fileID: 0}
  m_Controller: {fileID: 9100000, guid: 0d840102efb1bc54ab03b07262598842, type: 2}
  m_CullingMode: 0
  m_UpdateMode: 0
  m_ApplyRootMotion: 0
  m_LinearVelocityBlending: 0
  m_WarningMessage: 
  m_HasTransformHierarchy: 1
  m_AllowConstantClipSamplingOptimization: 1
  m_KeepAnimatorControllerStateOnDisable: 0
--- !u!114 &181827610183891206
MonoBehaviour:
  m_ObjectHideFlags: 0
  m_CorrespondingSourceObject: {fileID: 0}
  m_PrefabInstance: {fileID: 0}
  m_PrefabAsset: {fileID: 0}
  m_GameObject: {fileID: 8188694391413716901}
  m_Enabled: 1
  m_EditorHideFlags: 0
  m_Script: {fileID: 11500000, guid: 953531b99e69a254ca373db38233432c, type: 3}
  m_Name: 
  m_EditorClassIdentifier: 
  P_Anim: {fileID: 181827610183891207}
  AnimSelector: 0
  IsFlying: 0
  FlyingPoint: {fileID: 0}
  rotatingspeed: 0
--- !u!95 &1514722012
Animator:
  serializedVersion: 3
  m_ObjectHideFlags: 0
  m_CorrespondingSourceObject: {fileID: 0}
  m_PrefabInstance: {fileID: 0}
  m_PrefabAsset: {fileID: 0}
  m_GameObject: {fileID: 8296172667492495921}
  m_Enabled: 1
  m_Avatar: {fileID: 0}
  m_Controller: {fileID: 9100000, guid: 38df69e8346c0534d8dd31c8efc230b6, type: 2}
  m_CullingMode: 0
  m_UpdateMode: 0
  m_ApplyRootMotion: 0
  m_LinearVelocityBlending: 0
  m_WarningMessage: 
  m_HasTransformHierarchy: 1
  m_AllowConstantClipSamplingOptimization: 1
  m_KeepAnimatorControllerStateOnDisable: 0
--- !u!95 &880012899
Animator:
  serializedVersion: 3
  m_ObjectHideFlags: 0
  m_CorrespondingSourceObject: {fileID: 0}
  m_PrefabInstance: {fileID: 0}
  m_PrefabAsset: {fileID: 0}
  m_GameObject: {fileID: 8296172667849260099}
  m_Enabled: 1
  m_Avatar: {fileID: 0}
  m_Controller: {fileID: 9100000, guid: 38df69e8346c0534d8dd31c8efc230b6, type: 2}
  m_CullingMode: 0
  m_UpdateMode: 0
  m_ApplyRootMotion: 0
  m_LinearVelocityBlending: 0
  m_WarningMessage: 
  m_HasTransformHierarchy: 1
  m_AllowConstantClipSamplingOptimization: 1
  m_KeepAnimatorControllerStateOnDisable: 0
--- !u!95 &343126390
Animator:
  serializedVersion: 3
  m_ObjectHideFlags: 0
  m_CorrespondingSourceObject: {fileID: 0}
  m_PrefabInstance: {fileID: 0}
  m_PrefabAsset: {fileID: 0}
  m_GameObject: {fileID: 8296172668349500043}
  m_Enabled: 1
  m_Avatar: {fileID: 0}
  m_Controller: {fileID: 9100000, guid: 967c8e1bef868b54ebf048cdfea1e5c6, type: 2}
  m_CullingMode: 0
  m_UpdateMode: 0
  m_ApplyRootMotion: 0
  m_LinearVelocityBlending: 0
  m_WarningMessage: 
  m_HasTransformHierarchy: 1
  m_AllowConstantClipSamplingOptimization: 1
  m_KeepAnimatorControllerStateOnDisable: 0
--- !u!95 &1462403512
Animator:
  serializedVersion: 3
  m_ObjectHideFlags: 0
  m_CorrespondingSourceObject: {fileID: 0}
  m_PrefabInstance: {fileID: 0}
  m_PrefabAsset: {fileID: 0}
  m_GameObject: {fileID: 8296172668577922977}
  m_Enabled: 1
  m_Avatar: {fileID: 0}
  m_Controller: {fileID: 9100000, guid: 38df69e8346c0534d8dd31c8efc230b6, type: 2}
  m_CullingMode: 0
  m_UpdateMode: 0
  m_ApplyRootMotion: 0
  m_LinearVelocityBlending: 0
  m_WarningMessage: 
  m_HasTransformHierarchy: 1
  m_AllowConstantClipSamplingOptimization: 1
  m_KeepAnimatorControllerStateOnDisable: 0
--- !u!1001 &509218761
PrefabInstance:
  m_ObjectHideFlags: 0
  serializedVersion: 2
  m_Modification:
    m_TransformParent: {fileID: 181827610597061395}
    m_Modifications:
    - target: {fileID: -4216859302048453862, guid: 24205d78376b01b4ba23ef99e932777e,
        type: 3}
      propertyPath: m_LocalPosition.x
      value: 21.182999
      objectReference: {fileID: 0}
    - target: {fileID: -4216859302048453862, guid: 24205d78376b01b4ba23ef99e932777e,
        type: 3}
      propertyPath: m_LocalPosition.y
      value: -0.492
      objectReference: {fileID: 0}
    - target: {fileID: -4216859302048453862, guid: 24205d78376b01b4ba23ef99e932777e,
        type: 3}
      propertyPath: m_LocalPosition.z
      value: -5.097
      objectReference: {fileID: 0}
    - target: {fileID: -4216859302048453862, guid: 24205d78376b01b4ba23ef99e932777e,
        type: 3}
      propertyPath: m_LocalRotation.x
      value: -0
      objectReference: {fileID: 0}
    - target: {fileID: -4216859302048453862, guid: 24205d78376b01b4ba23ef99e932777e,
        type: 3}
      propertyPath: m_LocalRotation.y
      value: -0.35083377
      objectReference: {fileID: 0}
    - target: {fileID: -4216859302048453862, guid: 24205d78376b01b4ba23ef99e932777e,
        type: 3}
      propertyPath: m_LocalRotation.z
      value: -0
      objectReference: {fileID: 0}
    - target: {fileID: -4216859302048453862, guid: 24205d78376b01b4ba23ef99e932777e,
        type: 3}
      propertyPath: m_LocalRotation.w
      value: 0.9364377
      objectReference: {fileID: 0}
    - target: {fileID: -4216859302048453862, guid: 24205d78376b01b4ba23ef99e932777e,
        type: 3}
      propertyPath: m_RootOrder
      value: 18
      objectReference: {fileID: 0}
    - target: {fileID: -4216859302048453862, guid: 24205d78376b01b4ba23ef99e932777e,
        type: 3}
      propertyPath: m_LocalEulerAnglesHint.x
      value: 0
      objectReference: {fileID: 0}
    - target: {fileID: -4216859302048453862, guid: 24205d78376b01b4ba23ef99e932777e,
        type: 3}
      propertyPath: m_LocalEulerAnglesHint.y
      value: -41.077003
      objectReference: {fileID: 0}
    - target: {fileID: -4216859302048453862, guid: 24205d78376b01b4ba23ef99e932777e,
        type: 3}
      propertyPath: m_LocalEulerAnglesHint.z
      value: 0
      objectReference: {fileID: 0}
    - target: {fileID: -927199367670048503, guid: 24205d78376b01b4ba23ef99e932777e,
        type: 3}
      propertyPath: m_Name
      value: bird (6)
      objectReference: {fileID: 0}
    m_RemovedComponents: []
  m_SourcePrefab: {fileID: 100100000, guid: 24205d78376b01b4ba23ef99e932777e, type: 3}
--- !u!1 &8296172669222868672 stripped
GameObject:
  m_CorrespondingSourceObject: {fileID: -927199367670048503, guid: 24205d78376b01b4ba23ef99e932777e,
    type: 3}
  m_PrefabInstance: {fileID: 509218761}
  m_PrefabAsset: {fileID: 0}
--- !u!4 &5006512735312389331 stripped
Transform:
  m_CorrespondingSourceObject: {fileID: -4216859302048453862, guid: 24205d78376b01b4ba23ef99e932777e,
    type: 3}
  m_PrefabInstance: {fileID: 509218761}
  m_PrefabAsset: {fileID: 0}
--- !u!1001 &669738664
PrefabInstance:
  m_ObjectHideFlags: 0
  serializedVersion: 2
  m_Modification:
    m_TransformParent: {fileID: 279050009}
    m_Modifications:
    - target: {fileID: -4216859302048453862, guid: 3a18b9168135fbb48870e89e0332251e,
        type: 3}
      propertyPath: m_LocalPosition.x
      value: 0
      objectReference: {fileID: 0}
    - target: {fileID: -4216859302048453862, guid: 3a18b9168135fbb48870e89e0332251e,
        type: 3}
      propertyPath: m_LocalPosition.y
      value: 0
      objectReference: {fileID: 0}
    - target: {fileID: -4216859302048453862, guid: 3a18b9168135fbb48870e89e0332251e,
        type: 3}
      propertyPath: m_LocalPosition.z
      value: 0
      objectReference: {fileID: 0}
    - target: {fileID: -4216859302048453862, guid: 3a18b9168135fbb48870e89e0332251e,
        type: 3}
      propertyPath: m_LocalRotation.x
      value: 0.707086
      objectReference: {fileID: 0}
    - target: {fileID: -4216859302048453862, guid: 3a18b9168135fbb48870e89e0332251e,
        type: 3}
      propertyPath: m_LocalRotation.y
      value: 0.005417761
      objectReference: {fileID: 0}
    - target: {fileID: -4216859302048453862, guid: 3a18b9168135fbb48870e89e0332251e,
        type: 3}
      propertyPath: m_LocalRotation.z
      value: 0.70708436
      objectReference: {fileID: 0}
    - target: {fileID: -4216859302048453862, guid: 3a18b9168135fbb48870e89e0332251e,
        type: 3}
      propertyPath: m_LocalRotation.w
      value: 0.0056276214
      objectReference: {fileID: 0}
    - target: {fileID: -4216859302048453862, guid: 3a18b9168135fbb48870e89e0332251e,
        type: 3}
      propertyPath: m_RootOrder
      value: 0
      objectReference: {fileID: 0}
    - target: {fileID: -4216859302048453862, guid: 3a18b9168135fbb48870e89e0332251e,
        type: 3}
      propertyPath: m_LocalEulerAnglesHint.x
      value: 179.983
      objectReference: {fileID: 0}
    - target: {fileID: -4216859302048453862, guid: 3a18b9168135fbb48870e89e0332251e,
        type: 3}
      propertyPath: m_LocalEulerAnglesHint.y
      value: -90
      objectReference: {fileID: 0}
    - target: {fileID: -4216859302048453862, guid: 3a18b9168135fbb48870e89e0332251e,
        type: 3}
      propertyPath: m_LocalEulerAnglesHint.z
      value: -0.894989
      objectReference: {fileID: 0}
    - target: {fileID: -4216859302048453862, guid: 3a18b9168135fbb48870e89e0332251e,
        type: 3}
      propertyPath: m_LocalScale.x
      value: 0.011556544
      objectReference: {fileID: 0}
    - target: {fileID: -927199367670048503, guid: 3a18b9168135fbb48870e89e0332251e,
        type: 3}
      propertyPath: m_Name
      value: Voilier
      objectReference: {fileID: 0}
    m_RemovedComponents: []
  m_SourcePrefab: {fileID: 100100000, guid: 3a18b9168135fbb48870e89e0332251e, type: 3}
--- !u!1 &8296172668577922977 stripped
GameObject:
  m_CorrespondingSourceObject: {fileID: -927199367670048503, guid: 3a18b9168135fbb48870e89e0332251e,
    type: 3}
  m_PrefabInstance: {fileID: 669738664}
  m_PrefabAsset: {fileID: 0}
--- !u!4 &5006512735424531890 stripped
Transform:
  m_CorrespondingSourceObject: {fileID: -4216859302048453862, guid: 3a18b9168135fbb48870e89e0332251e,
    type: 3}
  m_PrefabInstance: {fileID: 669738664}
  m_PrefabAsset: {fileID: 0}
--- !u!1001 &809655306
PrefabInstance:
  m_ObjectHideFlags: 0
  serializedVersion: 2
  m_Modification:
    m_TransformParent: {fileID: 181827610597061395}
    m_Modifications:
    - target: {fileID: 2069482072053314109, guid: 866c9839ad033ab478fcf0cc96a97dea,
        type: 3}
      propertyPath: m_Name
      value: pecheur (1)
      objectReference: {fileID: 0}
    - target: {fileID: 3090348001039745070, guid: 866c9839ad033ab478fcf0cc96a97dea,
        type: 3}
      propertyPath: m_LocalPosition.x
      value: 33.64
      objectReference: {fileID: 0}
    - target: {fileID: 3090348001039745070, guid: 866c9839ad033ab478fcf0cc96a97dea,
        type: 3}
      propertyPath: m_LocalPosition.y
      value: 0.527
      objectReference: {fileID: 0}
    - target: {fileID: 3090348001039745070, guid: 866c9839ad033ab478fcf0cc96a97dea,
        type: 3}
      propertyPath: m_LocalPosition.z
      value: -33.35
      objectReference: {fileID: 0}
    - target: {fileID: 3090348001039745070, guid: 866c9839ad033ab478fcf0cc96a97dea,
        type: 3}
      propertyPath: m_LocalRotation.x
      value: -0
      objectReference: {fileID: 0}
    - target: {fileID: 3090348001039745070, guid: 866c9839ad033ab478fcf0cc96a97dea,
        type: 3}
      propertyPath: m_LocalRotation.y
      value: -0.7816919
      objectReference: {fileID: 0}
    - target: {fileID: 3090348001039745070, guid: 866c9839ad033ab478fcf0cc96a97dea,
        type: 3}
      propertyPath: m_LocalRotation.z
      value: -0
      objectReference: {fileID: 0}
    - target: {fileID: 3090348001039745070, guid: 866c9839ad033ab478fcf0cc96a97dea,
        type: 3}
      propertyPath: m_LocalRotation.w
      value: -0.62366486
      objectReference: {fileID: 0}
    - target: {fileID: 3090348001039745070, guid: 866c9839ad033ab478fcf0cc96a97dea,
        type: 3}
      propertyPath: m_RootOrder
      value: 10
      objectReference: {fileID: 0}
    - target: {fileID: 3090348001039745070, guid: 866c9839ad033ab478fcf0cc96a97dea,
        type: 3}
      propertyPath: m_LocalEulerAnglesHint.x
      value: 0
      objectReference: {fileID: 0}
    - target: {fileID: 3090348001039745070, guid: 866c9839ad033ab478fcf0cc96a97dea,
        type: 3}
      propertyPath: m_LocalEulerAnglesHint.y
      value: -257.168
      objectReference: {fileID: 0}
    - target: {fileID: 3090348001039745070, guid: 866c9839ad033ab478fcf0cc96a97dea,
        type: 3}
      propertyPath: m_LocalEulerAnglesHint.z
      value: 0
      objectReference: {fileID: 0}
    m_RemovedComponents: []
  m_SourcePrefab: {fileID: 100100000, guid: 866c9839ad033ab478fcf0cc96a97dea, type: 3}
--- !u!4 &3090348000230399012 stripped
Transform:
  m_CorrespondingSourceObject: {fileID: 3090348001039745070, guid: 866c9839ad033ab478fcf0cc96a97dea,
    type: 3}
  m_PrefabInstance: {fileID: 809655306}
  m_PrefabAsset: {fileID: 0}
--- !u!1001 &1380553602
PrefabInstance:
  m_ObjectHideFlags: 0
  serializedVersion: 2
  m_Modification:
    m_TransformParent: {fileID: 181827610597061395}
    m_Modifications:
    - target: {fileID: -4216859302048453862, guid: 064715f98f2e8044a8d72263bece2d1e,
        type: 3}
      propertyPath: m_LocalPosition.x
      value: -15.94
      objectReference: {fileID: 0}
    - target: {fileID: -4216859302048453862, guid: 064715f98f2e8044a8d72263bece2d1e,
        type: 3}
      propertyPath: m_LocalPosition.y
      value: -0.46953356
      objectReference: {fileID: 0}
    - target: {fileID: -4216859302048453862, guid: 064715f98f2e8044a8d72263bece2d1e,
        type: 3}
      propertyPath: m_LocalPosition.z
      value: 0.63
      objectReference: {fileID: 0}
    - target: {fileID: -4216859302048453862, guid: 064715f98f2e8044a8d72263bece2d1e,
        type: 3}
      propertyPath: m_LocalRotation.x
      value: -0
      objectReference: {fileID: 0}
    - target: {fileID: -4216859302048453862, guid: 064715f98f2e8044a8d72263bece2d1e,
        type: 3}
      propertyPath: m_LocalRotation.y
      value: 0.8486917
      objectReference: {fileID: 0}
    - target: {fileID: -4216859302048453862, guid: 064715f98f2e8044a8d72263bece2d1e,
        type: 3}
      propertyPath: m_LocalRotation.z
      value: -0
      objectReference: {fileID: 0}
    - target: {fileID: -4216859302048453862, guid: 064715f98f2e8044a8d72263bece2d1e,
        type: 3}
      propertyPath: m_LocalRotation.w
      value: 0.5288879
      objectReference: {fileID: 0}
    - target: {fileID: -4216859302048453862, guid: 064715f98f2e8044a8d72263bece2d1e,
        type: 3}
      propertyPath: m_RootOrder
      value: 8
      objectReference: {fileID: 0}
    - target: {fileID: -4216859302048453862, guid: 064715f98f2e8044a8d72263bece2d1e,
        type: 3}
      propertyPath: m_LocalEulerAnglesHint.x
      value: 0
      objectReference: {fileID: 0}
    - target: {fileID: -4216859302048453862, guid: 064715f98f2e8044a8d72263bece2d1e,
        type: 3}
      propertyPath: m_LocalEulerAnglesHint.y
      value: 116.13901
      objectReference: {fileID: 0}
    - target: {fileID: -4216859302048453862, guid: 064715f98f2e8044a8d72263bece2d1e,
        type: 3}
      propertyPath: m_LocalEulerAnglesHint.z
      value: 0
      objectReference: {fileID: 0}
    - target: {fileID: -1384780477371327967, guid: 064715f98f2e8044a8d72263bece2d1e,
        type: 3}
      propertyPath: m_Materials.Array.data[0]
      value: 
      objectReference: {fileID: 2100000, guid: 99e7e52419d995044941bd455182cd55, type: 2}
    - target: {fileID: -927199367670048503, guid: 064715f98f2e8044a8d72263bece2d1e,
        type: 3}
      propertyPath: m_Name
      value: VENDEUR DE HOT DOG
      objectReference: {fileID: 0}
    - target: {fileID: 5207343167419099076, guid: 064715f98f2e8044a8d72263bece2d1e,
        type: 3}
      propertyPath: m_Materials.Array.data[0]
      value: 
      objectReference: {fileID: 2100000, guid: ec4362062b007934685d2accd5ef0ae0, type: 2}
    m_RemovedComponents: []
  m_SourcePrefab: {fileID: 100100000, guid: 064715f98f2e8044a8d72263bece2d1e, type: 3}
--- !u!1 &8296172668349500043 stripped
GameObject:
  m_CorrespondingSourceObject: {fileID: -927199367670048503, guid: 064715f98f2e8044a8d72263bece2d1e,
    type: 3}
  m_PrefabInstance: {fileID: 1380553602}
  m_PrefabAsset: {fileID: 0}
--- !u!4 &5006512736185628824 stripped
Transform:
  m_CorrespondingSourceObject: {fileID: -4216859302048453862, guid: 064715f98f2e8044a8d72263bece2d1e,
    type: 3}
  m_PrefabInstance: {fileID: 1380553602}
  m_PrefabAsset: {fileID: 0}
--- !u!1001 &1637775475
PrefabInstance:
  m_ObjectHideFlags: 0
  serializedVersion: 2
  m_Modification:
    m_TransformParent: {fileID: 181827610597061395}
    m_Modifications:
    - target: {fileID: -4216859302048453862, guid: 24205d78376b01b4ba23ef99e932777e,
        type: 3}
      propertyPath: m_LocalPosition.x
      value: 21.56
      objectReference: {fileID: 0}
    - target: {fileID: -4216859302048453862, guid: 24205d78376b01b4ba23ef99e932777e,
        type: 3}
      propertyPath: m_LocalPosition.y
      value: -0.492
      objectReference: {fileID: 0}
    - target: {fileID: -4216859302048453862, guid: 24205d78376b01b4ba23ef99e932777e,
        type: 3}
      propertyPath: m_LocalPosition.z
      value: -4.76
      objectReference: {fileID: 0}
    - target: {fileID: -4216859302048453862, guid: 24205d78376b01b4ba23ef99e932777e,
        type: 3}
      propertyPath: m_LocalRotation.x
      value: -0
      objectReference: {fileID: 0}
    - target: {fileID: -4216859302048453862, guid: 24205d78376b01b4ba23ef99e932777e,
        type: 3}
      propertyPath: m_LocalRotation.y
      value: 0.30367783
      objectReference: {fileID: 0}
    - target: {fileID: -4216859302048453862, guid: 24205d78376b01b4ba23ef99e932777e,
        type: 3}
      propertyPath: m_LocalRotation.z
      value: -0
      objectReference: {fileID: 0}
    - target: {fileID: -4216859302048453862, guid: 24205d78376b01b4ba23ef99e932777e,
        type: 3}
      propertyPath: m_LocalRotation.w
      value: 0.95277476
      objectReference: {fileID: 0}
    - target: {fileID: -4216859302048453862, guid: 24205d78376b01b4ba23ef99e932777e,
        type: 3}
      propertyPath: m_RootOrder
      value: 17
      objectReference: {fileID: 0}
    - target: {fileID: -4216859302048453862, guid: 24205d78376b01b4ba23ef99e932777e,
        type: 3}
      propertyPath: m_LocalEulerAnglesHint.x
      value: 0
      objectReference: {fileID: 0}
    - target: {fileID: -4216859302048453862, guid: 24205d78376b01b4ba23ef99e932777e,
        type: 3}
      propertyPath: m_LocalEulerAnglesHint.y
      value: 35.357002
      objectReference: {fileID: 0}
    - target: {fileID: -4216859302048453862, guid: 24205d78376b01b4ba23ef99e932777e,
        type: 3}
      propertyPath: m_LocalEulerAnglesHint.z
      value: 0
      objectReference: {fileID: 0}
    - target: {fileID: -927199367670048503, guid: 24205d78376b01b4ba23ef99e932777e,
        type: 3}
      propertyPath: m_Name
      value: bird (5)
      objectReference: {fileID: 0}
    m_RemovedComponents: []
  m_SourcePrefab: {fileID: 100100000, guid: 24205d78376b01b4ba23ef99e932777e, type: 3}
--- !u!4 &5006512736390599529 stripped
Transform:
  m_CorrespondingSourceObject: {fileID: -4216859302048453862, guid: 24205d78376b01b4ba23ef99e932777e,
    type: 3}
  m_PrefabInstance: {fileID: 1637775475}
  m_PrefabAsset: {fileID: 0}
--- !u!1 &8296172667599397242 stripped
GameObject:
  m_CorrespondingSourceObject: {fileID: -927199367670048503, guid: 24205d78376b01b4ba23ef99e932777e,
    type: 3}
  m_PrefabInstance: {fileID: 1637775475}
  m_PrefabAsset: {fileID: 0}
--- !u!1001 &1732160312
PrefabInstance:
  m_ObjectHideFlags: 0
  serializedVersion: 2
  m_Modification:
    m_TransformParent: {fileID: 1882374349}
    m_Modifications:
    - target: {fileID: -4216859302048453862, guid: 3a18b9168135fbb48870e89e0332251e,
        type: 3}
      propertyPath: m_LocalPosition.x
      value: 0
      objectReference: {fileID: 0}
    - target: {fileID: -4216859302048453862, guid: 3a18b9168135fbb48870e89e0332251e,
        type: 3}
      propertyPath: m_LocalPosition.y
      value: 0
      objectReference: {fileID: 0}
    - target: {fileID: -4216859302048453862, guid: 3a18b9168135fbb48870e89e0332251e,
        type: 3}
      propertyPath: m_LocalPosition.z
      value: 0
      objectReference: {fileID: 0}
    - target: {fileID: -4216859302048453862, guid: 3a18b9168135fbb48870e89e0332251e,
        type: 3}
      propertyPath: m_LocalRotation.x
      value: 0.707086
      objectReference: {fileID: 0}
    - target: {fileID: -4216859302048453862, guid: 3a18b9168135fbb48870e89e0332251e,
        type: 3}
      propertyPath: m_LocalRotation.y
      value: 0.005417761
      objectReference: {fileID: 0}
    - target: {fileID: -4216859302048453862, guid: 3a18b9168135fbb48870e89e0332251e,
        type: 3}
      propertyPath: m_LocalRotation.z
      value: 0.70708436
      objectReference: {fileID: 0}
    - target: {fileID: -4216859302048453862, guid: 3a18b9168135fbb48870e89e0332251e,
        type: 3}
      propertyPath: m_LocalRotation.w
      value: 0.0056276214
      objectReference: {fileID: 0}
    - target: {fileID: -4216859302048453862, guid: 3a18b9168135fbb48870e89e0332251e,
        type: 3}
      propertyPath: m_RootOrder
      value: 0
      objectReference: {fileID: 0}
    - target: {fileID: -4216859302048453862, guid: 3a18b9168135fbb48870e89e0332251e,
        type: 3}
      propertyPath: m_LocalEulerAnglesHint.x
      value: 179.983
      objectReference: {fileID: 0}
    - target: {fileID: -4216859302048453862, guid: 3a18b9168135fbb48870e89e0332251e,
        type: 3}
      propertyPath: m_LocalEulerAnglesHint.y
      value: -90
      objectReference: {fileID: 0}
    - target: {fileID: -4216859302048453862, guid: 3a18b9168135fbb48870e89e0332251e,
        type: 3}
      propertyPath: m_LocalEulerAnglesHint.z
      value: -0.894989
      objectReference: {fileID: 0}
    - target: {fileID: -4216859302048453862, guid: 3a18b9168135fbb48870e89e0332251e,
        type: 3}
      propertyPath: m_LocalScale.x
      value: 0.011556544
      objectReference: {fileID: 0}
    - target: {fileID: -927199367670048503, guid: 3a18b9168135fbb48870e89e0332251e,
        type: 3}
      propertyPath: m_Name
      value: Voilier
      objectReference: {fileID: 0}
    m_RemovedComponents: []
  m_SourcePrefab: {fileID: 100100000, guid: 3a18b9168135fbb48870e89e0332251e, type: 3}
--- !u!1 &8296172667492495921 stripped
GameObject:
  m_CorrespondingSourceObject: {fileID: -927199367670048503, guid: 3a18b9168135fbb48870e89e0332251e,
    type: 3}
  m_PrefabInstance: {fileID: 1732160312}
  m_PrefabAsset: {fileID: 0}
--- !u!4 &5006512736501694498 stripped
Transform:
  m_CorrespondingSourceObject: {fileID: -4216859302048453862, guid: 3a18b9168135fbb48870e89e0332251e,
    type: 3}
  m_PrefabInstance: {fileID: 1732160312}
  m_PrefabAsset: {fileID: 0}
--- !u!1001 &1851513782
PrefabInstance:
  m_ObjectHideFlags: 0
  serializedVersion: 2
  m_Modification:
    m_TransformParent: {fileID: 181827610597061395}
    m_Modifications:
    - target: {fileID: 2069482072053314109, guid: 866c9839ad033ab478fcf0cc96a97dea,
        type: 3}
      propertyPath: m_Name
      value: pecheur (2)
      objectReference: {fileID: 0}
    - target: {fileID: 3090348001039745070, guid: 866c9839ad033ab478fcf0cc96a97dea,
        type: 3}
      propertyPath: m_LocalPosition.x
      value: -44.25
      objectReference: {fileID: 0}
    - target: {fileID: 3090348001039745070, guid: 866c9839ad033ab478fcf0cc96a97dea,
        type: 3}
      propertyPath: m_LocalPosition.y
      value: -1.86
      objectReference: {fileID: 0}
    - target: {fileID: 3090348001039745070, guid: 866c9839ad033ab478fcf0cc96a97dea,
        type: 3}
      propertyPath: m_LocalPosition.z
      value: -66.79
      objectReference: {fileID: 0}
    - target: {fileID: 3090348001039745070, guid: 866c9839ad033ab478fcf0cc96a97dea,
        type: 3}
      propertyPath: m_LocalRotation.x
      value: -0
      objectReference: {fileID: 0}
    - target: {fileID: 3090348001039745070, guid: 866c9839ad033ab478fcf0cc96a97dea,
        type: 3}
      propertyPath: m_LocalRotation.y
      value: -0.12456976
      objectReference: {fileID: 0}
    - target: {fileID: 3090348001039745070, guid: 866c9839ad033ab478fcf0cc96a97dea,
        type: 3}
      propertyPath: m_LocalRotation.z
      value: -0
      objectReference: {fileID: 0}
    - target: {fileID: 3090348001039745070, guid: 866c9839ad033ab478fcf0cc96a97dea,
        type: 3}
      propertyPath: m_LocalRotation.w
      value: -0.9922109
      objectReference: {fileID: 0}
    - target: {fileID: 3090348001039745070, guid: 866c9839ad033ab478fcf0cc96a97dea,
        type: 3}
      propertyPath: m_RootOrder
      value: 11
      objectReference: {fileID: 0}
    - target: {fileID: 3090348001039745070, guid: 866c9839ad033ab478fcf0cc96a97dea,
        type: 3}
      propertyPath: m_LocalEulerAnglesHint.x
      value: 0
      objectReference: {fileID: 0}
    - target: {fileID: 3090348001039745070, guid: 866c9839ad033ab478fcf0cc96a97dea,
        type: 3}
      propertyPath: m_LocalEulerAnglesHint.y
      value: -345.688
      objectReference: {fileID: 0}
    - target: {fileID: 3090348001039745070, guid: 866c9839ad033ab478fcf0cc96a97dea,
        type: 3}
      propertyPath: m_LocalEulerAnglesHint.z
      value: 0
      objectReference: {fileID: 0}
    m_RemovedComponents: []
  m_SourcePrefab: {fileID: 100100000, guid: 866c9839ad033ab478fcf0cc96a97dea, type: 3}
--- !u!4 &3090348001739922328 stripped
Transform:
  m_CorrespondingSourceObject: {fileID: 3090348001039745070, guid: 866c9839ad033ab478fcf0cc96a97dea,
    type: 3}
  m_PrefabInstance: {fileID: 1851513782}
  m_PrefabAsset: {fileID: 0}
--- !u!1001 &1887102282
PrefabInstance:
  m_ObjectHideFlags: 0
  serializedVersion: 2
  m_Modification:
    m_TransformParent: {fileID: 1675662927}
    m_Modifications:
    - target: {fileID: -4216859302048453862, guid: 3a18b9168135fbb48870e89e0332251e,
        type: 3}
      propertyPath: m_LocalPosition.x
      value: 0
      objectReference: {fileID: 0}
    - target: {fileID: -4216859302048453862, guid: 3a18b9168135fbb48870e89e0332251e,
        type: 3}
      propertyPath: m_LocalPosition.y
      value: 0
      objectReference: {fileID: 0}
    - target: {fileID: -4216859302048453862, guid: 3a18b9168135fbb48870e89e0332251e,
        type: 3}
      propertyPath: m_LocalPosition.z
      value: 0
      objectReference: {fileID: 0}
    - target: {fileID: -4216859302048453862, guid: 3a18b9168135fbb48870e89e0332251e,
        type: 3}
      propertyPath: m_LocalRotation.x
      value: 0.707086
      objectReference: {fileID: 0}
    - target: {fileID: -4216859302048453862, guid: 3a18b9168135fbb48870e89e0332251e,
        type: 3}
      propertyPath: m_LocalRotation.y
      value: 0.005417761
      objectReference: {fileID: 0}
    - target: {fileID: -4216859302048453862, guid: 3a18b9168135fbb48870e89e0332251e,
        type: 3}
      propertyPath: m_LocalRotation.z
      value: 0.70708436
      objectReference: {fileID: 0}
    - target: {fileID: -4216859302048453862, guid: 3a18b9168135fbb48870e89e0332251e,
        type: 3}
      propertyPath: m_LocalRotation.w
      value: 0.0056276214
      objectReference: {fileID: 0}
    - target: {fileID: -4216859302048453862, guid: 3a18b9168135fbb48870e89e0332251e,
        type: 3}
      propertyPath: m_RootOrder
      value: 0
      objectReference: {fileID: 0}
    - target: {fileID: -4216859302048453862, guid: 3a18b9168135fbb48870e89e0332251e,
        type: 3}
      propertyPath: m_LocalEulerAnglesHint.x
      value: 179.983
      objectReference: {fileID: 0}
    - target: {fileID: -4216859302048453862, guid: 3a18b9168135fbb48870e89e0332251e,
        type: 3}
      propertyPath: m_LocalEulerAnglesHint.y
      value: -90
      objectReference: {fileID: 0}
    - target: {fileID: -4216859302048453862, guid: 3a18b9168135fbb48870e89e0332251e,
        type: 3}
      propertyPath: m_LocalEulerAnglesHint.z
      value: -0.894989
      objectReference: {fileID: 0}
    - target: {fileID: -4216859302048453862, guid: 3a18b9168135fbb48870e89e0332251e,
        type: 3}
      propertyPath: m_LocalScale.x
      value: 0.011556544
      objectReference: {fileID: 0}
    - target: {fileID: -927199367670048503, guid: 3a18b9168135fbb48870e89e0332251e,
        type: 3}
      propertyPath: m_Name
      value: Voilier
      objectReference: {fileID: 0}
    m_RemovedComponents: []
  m_SourcePrefab: {fileID: 100100000, guid: 3a18b9168135fbb48870e89e0332251e, type: 3}
--- !u!1 &8296172667849260099 stripped
GameObject:
  m_CorrespondingSourceObject: {fileID: -927199367670048503, guid: 3a18b9168135fbb48870e89e0332251e,
    type: 3}
  m_PrefabInstance: {fileID: 1887102282}
  m_PrefabAsset: {fileID: 0}
--- !u!4 &5006512736690196048 stripped
Transform:
  m_CorrespondingSourceObject: {fileID: -4216859302048453862, guid: 3a18b9168135fbb48870e89e0332251e,
    type: 3}
  m_PrefabInstance: {fileID: 1887102282}
  m_PrefabAsset: {fileID: 0}
--- !u!1001 &181827610351206595
PrefabInstance:
  m_ObjectHideFlags: 0
  serializedVersion: 2
  m_Modification:
    m_TransformParent: {fileID: 181827610597061395}
    m_Modifications:
    - target: {fileID: -4216859302048453862, guid: 24205d78376b01b4ba23ef99e932777e,
        type: 3}
      propertyPath: m_LocalPosition.x
      value: 42.45
      objectReference: {fileID: 0}
    - target: {fileID: -4216859302048453862, guid: 24205d78376b01b4ba23ef99e932777e,
        type: 3}
      propertyPath: m_LocalPosition.y
      value: -0.35
      objectReference: {fileID: 0}
    - target: {fileID: -4216859302048453862, guid: 24205d78376b01b4ba23ef99e932777e,
        type: 3}
      propertyPath: m_LocalPosition.z
      value: -1.27
      objectReference: {fileID: 0}
    - target: {fileID: -4216859302048453862, guid: 24205d78376b01b4ba23ef99e932777e,
        type: 3}
      propertyPath: m_LocalRotation.x
      value: -0
      objectReference: {fileID: 0}
    - target: {fileID: -4216859302048453862, guid: 24205d78376b01b4ba23ef99e932777e,
        type: 3}
      propertyPath: m_LocalRotation.y
      value: -0.35083377
      objectReference: {fileID: 0}
    - target: {fileID: -4216859302048453862, guid: 24205d78376b01b4ba23ef99e932777e,
        type: 3}
      propertyPath: m_LocalRotation.z
      value: -0
      objectReference: {fileID: 0}
    - target: {fileID: -4216859302048453862, guid: 24205d78376b01b4ba23ef99e932777e,
        type: 3}
      propertyPath: m_LocalRotation.w
      value: 0.9364377
      objectReference: {fileID: 0}
    - target: {fileID: -4216859302048453862, guid: 24205d78376b01b4ba23ef99e932777e,
        type: 3}
      propertyPath: m_RootOrder
      value: 5
      objectReference: {fileID: 0}
    - target: {fileID: -4216859302048453862, guid: 24205d78376b01b4ba23ef99e932777e,
        type: 3}
      propertyPath: m_LocalEulerAnglesHint.x
      value: 0
      objectReference: {fileID: 0}
    - target: {fileID: -4216859302048453862, guid: 24205d78376b01b4ba23ef99e932777e,
        type: 3}
      propertyPath: m_LocalEulerAnglesHint.y
      value: -41.077003
      objectReference: {fileID: 0}
    - target: {fileID: -4216859302048453862, guid: 24205d78376b01b4ba23ef99e932777e,
        type: 3}
      propertyPath: m_LocalEulerAnglesHint.z
      value: 0
      objectReference: {fileID: 0}
    - target: {fileID: -927199367670048503, guid: 24205d78376b01b4ba23ef99e932777e,
        type: 3}
      propertyPath: m_Name
      value: bird (3)
      objectReference: {fileID: 0}
    m_RemovedComponents: []
  m_SourcePrefab: {fileID: 100100000, guid: 24205d78376b01b4ba23ef99e932777e, type: 3}
--- !u!4 &5187953192474651609 stripped
Transform:
  m_CorrespondingSourceObject: {fileID: -4216859302048453862, guid: 24205d78376b01b4ba23ef99e932777e,
    type: 3}
  m_PrefabInstance: {fileID: 181827610351206595}
  m_PrefabAsset: {fileID: 0}
--- !u!1001 &181827610699606986
PrefabInstance:
  m_ObjectHideFlags: 0
  serializedVersion: 2
  m_Modification:
    m_TransformParent: {fileID: 181827610597061395}
    m_Modifications:
    - target: {fileID: -4216859302048453862, guid: 24205d78376b01b4ba23ef99e932777e,
        type: 3}
      propertyPath: m_LocalPosition.x
      value: 12.235
      objectReference: {fileID: 0}
    - target: {fileID: -4216859302048453862, guid: 24205d78376b01b4ba23ef99e932777e,
        type: 3}
      propertyPath: m_LocalPosition.y
      value: 0.659
      objectReference: {fileID: 0}
    - target: {fileID: -4216859302048453862, guid: 24205d78376b01b4ba23ef99e932777e,
        type: 3}
      propertyPath: m_LocalPosition.z
      value: -8.376
      objectReference: {fileID: 0}
    - target: {fileID: -4216859302048453862, guid: 24205d78376b01b4ba23ef99e932777e,
        type: 3}
      propertyPath: m_LocalRotation.x
      value: -0
      objectReference: {fileID: 0}
    - target: {fileID: -4216859302048453862, guid: 24205d78376b01b4ba23ef99e932777e,
        type: 3}
      propertyPath: m_LocalRotation.y
      value: -0
      objectReference: {fileID: 0}
    - target: {fileID: -4216859302048453862, guid: 24205d78376b01b4ba23ef99e932777e,
        type: 3}
      propertyPath: m_LocalRotation.z
      value: -0
      objectReference: {fileID: 0}
    - target: {fileID: -4216859302048453862, guid: 24205d78376b01b4ba23ef99e932777e,
        type: 3}
      propertyPath: m_LocalRotation.w
      value: 1
      objectReference: {fileID: 0}
    - target: {fileID: -4216859302048453862, guid: 24205d78376b01b4ba23ef99e932777e,
        type: 3}
      propertyPath: m_RootOrder
      value: 0
      objectReference: {fileID: 0}
    - target: {fileID: -4216859302048453862, guid: 24205d78376b01b4ba23ef99e932777e,
        type: 3}
      propertyPath: m_LocalEulerAnglesHint.x
      value: 0
      objectReference: {fileID: 0}
    - target: {fileID: -4216859302048453862, guid: 24205d78376b01b4ba23ef99e932777e,
        type: 3}
      propertyPath: m_LocalEulerAnglesHint.y
      value: 0
      objectReference: {fileID: 0}
    - target: {fileID: -4216859302048453862, guid: 24205d78376b01b4ba23ef99e932777e,
        type: 3}
      propertyPath: m_LocalEulerAnglesHint.z
      value: 0
      objectReference: {fileID: 0}
    - target: {fileID: -927199367670048503, guid: 24205d78376b01b4ba23ef99e932777e,
        type: 3}
      propertyPath: m_Name
      value: bird
      objectReference: {fileID: 0}
    m_RemovedComponents: []
  m_SourcePrefab: {fileID: 100100000, guid: 24205d78376b01b4ba23ef99e932777e, type: 3}
--- !u!4 &5187953192855535824 stripped
Transform:
  m_CorrespondingSourceObject: {fileID: -4216859302048453862, guid: 24205d78376b01b4ba23ef99e932777e,
    type: 3}
  m_PrefabInstance: {fileID: 181827610699606986}
  m_PrefabAsset: {fileID: 0}
--- !u!1001 &181827610745270306
PrefabInstance:
  m_ObjectHideFlags: 0
  serializedVersion: 2
  m_Modification:
    m_TransformParent: {fileID: 181827610597061395}
    m_Modifications:
    - target: {fileID: -4216859302048453862, guid: 198af3ab2012d2c4fae2cf791934f2fd,
        type: 3}
      propertyPath: m_LocalPosition.x
      value: 45.316
      objectReference: {fileID: 0}
    - target: {fileID: -4216859302048453862, guid: 198af3ab2012d2c4fae2cf791934f2fd,
        type: 3}
      propertyPath: m_LocalPosition.y
      value: -0.38
      objectReference: {fileID: 0}
    - target: {fileID: -4216859302048453862, guid: 198af3ab2012d2c4fae2cf791934f2fd,
        type: 3}
      propertyPath: m_LocalPosition.z
      value: 11.592427
      objectReference: {fileID: 0}
    - target: {fileID: -4216859302048453862, guid: 198af3ab2012d2c4fae2cf791934f2fd,
        type: 3}
      propertyPath: m_LocalRotation.x
      value: -0
      objectReference: {fileID: 0}
    - target: {fileID: -4216859302048453862, guid: 198af3ab2012d2c4fae2cf791934f2fd,
        type: 3}
      propertyPath: m_LocalRotation.y
      value: -0
      objectReference: {fileID: 0}
    - target: {fileID: -4216859302048453862, guid: 198af3ab2012d2c4fae2cf791934f2fd,
        type: 3}
      propertyPath: m_LocalRotation.z
      value: -0
      objectReference: {fileID: 0}
    - target: {fileID: -4216859302048453862, guid: 198af3ab2012d2c4fae2cf791934f2fd,
        type: 3}
      propertyPath: m_LocalRotation.w
      value: 1
      objectReference: {fileID: 0}
    - target: {fileID: -4216859302048453862, guid: 198af3ab2012d2c4fae2cf791934f2fd,
        type: 3}
      propertyPath: m_RootOrder
      value: 7
      objectReference: {fileID: 0}
    - target: {fileID: -4216859302048453862, guid: 198af3ab2012d2c4fae2cf791934f2fd,
        type: 3}
      propertyPath: m_LocalEulerAnglesHint.x
      value: 0
      objectReference: {fileID: 0}
    - target: {fileID: -4216859302048453862, guid: 198af3ab2012d2c4fae2cf791934f2fd,
        type: 3}
      propertyPath: m_LocalEulerAnglesHint.y
      value: 0
      objectReference: {fileID: 0}
    - target: {fileID: -4216859302048453862, guid: 198af3ab2012d2c4fae2cf791934f2fd,
        type: 3}
      propertyPath: m_LocalEulerAnglesHint.z
      value: 0
      objectReference: {fileID: 0}
    - target: {fileID: -1384780477371327967, guid: 198af3ab2012d2c4fae2cf791934f2fd,
        type: 3}
      propertyPath: m_Materials.Array.data[0]
      value: 
      objectReference: {fileID: 2100000, guid: 3e58d2d317d4bd049b5c563b80df9ed0, type: 2}
    - target: {fileID: -927199367670048503, guid: 198af3ab2012d2c4fae2cf791934f2fd,
        type: 3}
      propertyPath: m_Name
      value: character_decor
      objectReference: {fileID: 0}
    - target: {fileID: 5207343167419099076, guid: 198af3ab2012d2c4fae2cf791934f2fd,
        type: 3}
      propertyPath: m_Materials.Array.data[0]
      value: 
      objectReference: {fileID: 2100000, guid: f201f01a6a9572a4f936af8357498152, type: 2}
    m_RemovedComponents: []
  m_SourcePrefab: {fileID: 100100000, guid: 198af3ab2012d2c4fae2cf791934f2fd, type: 3}
--- !u!4 &5187953192885672760 stripped
Transform:
  m_CorrespondingSourceObject: {fileID: -4216859302048453862, guid: 198af3ab2012d2c4fae2cf791934f2fd,
    type: 3}
  m_PrefabInstance: {fileID: 181827610745270306}
  m_PrefabAsset: {fileID: 0}
--- !u!1 &8188694391219235115 stripped
GameObject:
  m_CorrespondingSourceObject: {fileID: -927199367670048503, guid: 198af3ab2012d2c4fae2cf791934f2fd,
    type: 3}
  m_PrefabInstance: {fileID: 181827610745270306}
  m_PrefabAsset: {fileID: 0}
--- !u!1001 &181827610792203788
PrefabInstance:
  m_ObjectHideFlags: 0
  serializedVersion: 2
  m_Modification:
    m_TransformParent: {fileID: 181827610597061395}
    m_Modifications:
    - target: {fileID: -4216859302048453862, guid: 24205d78376b01b4ba23ef99e932777e,
        type: 3}
      propertyPath: m_LocalPosition.x
      value: 1.3370001
      objectReference: {fileID: 0}
    - target: {fileID: -4216859302048453862, guid: 24205d78376b01b4ba23ef99e932777e,
        type: 3}
      propertyPath: m_LocalPosition.y
      value: -0.492
      objectReference: {fileID: 0}
    - target: {fileID: -4216859302048453862, guid: 24205d78376b01b4ba23ef99e932777e,
        type: 3}
      propertyPath: m_LocalPosition.z
      value: -0.933
      objectReference: {fileID: 0}
    - target: {fileID: -4216859302048453862, guid: 24205d78376b01b4ba23ef99e932777e,
        type: 3}
      propertyPath: m_LocalRotation.x
      value: -0
      objectReference: {fileID: 0}
    - target: {fileID: -4216859302048453862, guid: 24205d78376b01b4ba23ef99e932777e,
        type: 3}
      propertyPath: m_LocalRotation.y
      value: 0.30367783
      objectReference: {fileID: 0}
    - target: {fileID: -4216859302048453862, guid: 24205d78376b01b4ba23ef99e932777e,
        type: 3}
      propertyPath: m_LocalRotation.z
      value: -0
      objectReference: {fileID: 0}
    - target: {fileID: -4216859302048453862, guid: 24205d78376b01b4ba23ef99e932777e,
        type: 3}
      propertyPath: m_LocalRotation.w
      value: 0.95277476
      objectReference: {fileID: 0}
    - target: {fileID: -4216859302048453862, guid: 24205d78376b01b4ba23ef99e932777e,
        type: 3}
      propertyPath: m_RootOrder
      value: 3
      objectReference: {fileID: 0}
    - target: {fileID: -4216859302048453862, guid: 24205d78376b01b4ba23ef99e932777e,
        type: 3}
      propertyPath: m_LocalEulerAnglesHint.x
      value: 0
      objectReference: {fileID: 0}
    - target: {fileID: -4216859302048453862, guid: 24205d78376b01b4ba23ef99e932777e,
        type: 3}
      propertyPath: m_LocalEulerAnglesHint.y
      value: 35.357002
      objectReference: {fileID: 0}
    - target: {fileID: -4216859302048453862, guid: 24205d78376b01b4ba23ef99e932777e,
        type: 3}
      propertyPath: m_LocalEulerAnglesHint.z
      value: 0
      objectReference: {fileID: 0}
    - target: {fileID: -927199367670048503, guid: 24205d78376b01b4ba23ef99e932777e,
        type: 3}
      propertyPath: m_Name
      value: bird (2)
      objectReference: {fileID: 0}
    m_RemovedComponents: []
  m_SourcePrefab: {fileID: 100100000, guid: 24205d78376b01b4ba23ef99e932777e, type: 3}
--- !u!1 &8188694391199616773 stripped
GameObject:
  m_CorrespondingSourceObject: {fileID: -927199367670048503, guid: 24205d78376b01b4ba23ef99e932777e,
    type: 3}
  m_PrefabInstance: {fileID: 181827610792203788}
  m_PrefabAsset: {fileID: 0}
--- !u!4 &5187953192901098774 stripped
Transform:
  m_CorrespondingSourceObject: {fileID: -4216859302048453862, guid: 24205d78376b01b4ba23ef99e932777e,
    type: 3}
  m_PrefabInstance: {fileID: 181827610792203788}
  m_PrefabAsset: {fileID: 0}
--- !u!1001 &181827611075145388
PrefabInstance:
  m_ObjectHideFlags: 0
  serializedVersion: 2
  m_Modification:
    m_TransformParent: {fileID: 181827610597061395}
    m_Modifications:
    - target: {fileID: -4216859302048453862, guid: 24205d78376b01b4ba23ef99e932777e,
        type: 3}
      propertyPath: m_LocalPosition.x
      value: 0.96
      objectReference: {fileID: 0}
    - target: {fileID: -4216859302048453862, guid: 24205d78376b01b4ba23ef99e932777e,
        type: 3}
      propertyPath: m_LocalPosition.y
      value: -0.492
      objectReference: {fileID: 0}
    - target: {fileID: -4216859302048453862, guid: 24205d78376b01b4ba23ef99e932777e,
        type: 3}
      propertyPath: m_LocalPosition.z
      value: -1.27
      objectReference: {fileID: 0}
    - target: {fileID: -4216859302048453862, guid: 24205d78376b01b4ba23ef99e932777e,
        type: 3}
      propertyPath: m_LocalRotation.x
      value: -0
      objectReference: {fileID: 0}
    - target: {fileID: -4216859302048453862, guid: 24205d78376b01b4ba23ef99e932777e,
        type: 3}
      propertyPath: m_LocalRotation.y
      value: -0.35083377
      objectReference: {fileID: 0}
    - target: {fileID: -4216859302048453862, guid: 24205d78376b01b4ba23ef99e932777e,
        type: 3}
      propertyPath: m_LocalRotation.z
      value: -0
      objectReference: {fileID: 0}
    - target: {fileID: -4216859302048453862, guid: 24205d78376b01b4ba23ef99e932777e,
        type: 3}
      propertyPath: m_LocalRotation.w
      value: 0.9364377
      objectReference: {fileID: 0}
    - target: {fileID: -4216859302048453862, guid: 24205d78376b01b4ba23ef99e932777e,
        type: 3}
      propertyPath: m_RootOrder
      value: 2
      objectReference: {fileID: 0}
    - target: {fileID: -4216859302048453862, guid: 24205d78376b01b4ba23ef99e932777e,
        type: 3}
      propertyPath: m_LocalEulerAnglesHint.x
      value: 0
      objectReference: {fileID: 0}
    - target: {fileID: -4216859302048453862, guid: 24205d78376b01b4ba23ef99e932777e,
        type: 3}
      propertyPath: m_LocalEulerAnglesHint.y
      value: -41.077003
      objectReference: {fileID: 0}
    - target: {fileID: -4216859302048453862, guid: 24205d78376b01b4ba23ef99e932777e,
        type: 3}
      propertyPath: m_LocalEulerAnglesHint.z
      value: 0
      objectReference: {fileID: 0}
    - target: {fileID: -927199367670048503, guid: 24205d78376b01b4ba23ef99e932777e,
        type: 3}
      propertyPath: m_Name
      value: bird (1)
      objectReference: {fileID: 0}
    m_RemovedComponents: []
  m_SourcePrefab: {fileID: 100100000, guid: 24205d78376b01b4ba23ef99e932777e, type: 3}
--- !u!4 &5187953193231074742 stripped
Transform:
  m_CorrespondingSourceObject: {fileID: -4216859302048453862, guid: 24205d78376b01b4ba23ef99e932777e,
    type: 3}
  m_PrefabInstance: {fileID: 181827611075145388}
  m_PrefabAsset: {fileID: 0}
--- !u!1 &8188694391413716901 stripped
GameObject:
  m_CorrespondingSourceObject: {fileID: -927199367670048503, guid: 24205d78376b01b4ba23ef99e932777e,
    type: 3}
  m_PrefabInstance: {fileID: 181827611075145388}
  m_PrefabAsset: {fileID: 0}
--- !u!1001 &181827611180438172
PrefabInstance:
  m_ObjectHideFlags: 0
  serializedVersion: 2
  m_Modification:
    m_TransformParent: {fileID: 181827611585216505}
    m_Modifications:
    - target: {fileID: -4216859302048453862, guid: 24205d78376b01b4ba23ef99e932777e,
        type: 3}
      propertyPath: m_LocalPosition.x
      value: 16.2
      objectReference: {fileID: 0}
    - target: {fileID: -4216859302048453862, guid: 24205d78376b01b4ba23ef99e932777e,
        type: 3}
      propertyPath: m_LocalPosition.y
      value: 0.659
      objectReference: {fileID: 0}
    - target: {fileID: -4216859302048453862, guid: 24205d78376b01b4ba23ef99e932777e,
        type: 3}
      propertyPath: m_LocalPosition.z
      value: 0
      objectReference: {fileID: 0}
    - target: {fileID: -4216859302048453862, guid: 24205d78376b01b4ba23ef99e932777e,
        type: 3}
      propertyPath: m_LocalRotation.x
      value: -0
      objectReference: {fileID: 0}
    - target: {fileID: -4216859302048453862, guid: 24205d78376b01b4ba23ef99e932777e,
        type: 3}
      propertyPath: m_LocalRotation.y
      value: -0
      objectReference: {fileID: 0}
    - target: {fileID: -4216859302048453862, guid: 24205d78376b01b4ba23ef99e932777e,
        type: 3}
      propertyPath: m_LocalRotation.z
      value: -0
      objectReference: {fileID: 0}
    - target: {fileID: -4216859302048453862, guid: 24205d78376b01b4ba23ef99e932777e,
        type: 3}
      propertyPath: m_LocalRotation.w
      value: 1
      objectReference: {fileID: 0}
    - target: {fileID: -4216859302048453862, guid: 24205d78376b01b4ba23ef99e932777e,
        type: 3}
      propertyPath: m_RootOrder
      value: 0
      objectReference: {fileID: 0}
    - target: {fileID: -4216859302048453862, guid: 24205d78376b01b4ba23ef99e932777e,
        type: 3}
      propertyPath: m_LocalEulerAnglesHint.x
      value: 0
      objectReference: {fileID: 0}
    - target: {fileID: -4216859302048453862, guid: 24205d78376b01b4ba23ef99e932777e,
        type: 3}
      propertyPath: m_LocalEulerAnglesHint.y
      value: 0
      objectReference: {fileID: 0}
    - target: {fileID: -4216859302048453862, guid: 24205d78376b01b4ba23ef99e932777e,
        type: 3}
      propertyPath: m_LocalEulerAnglesHint.z
      value: 0
      objectReference: {fileID: 0}
    - target: {fileID: -927199367670048503, guid: 24205d78376b01b4ba23ef99e932777e,
        type: 3}
      propertyPath: m_Name
      value: bird (1)
      objectReference: {fileID: 0}
    m_RemovedComponents: []
  m_SourcePrefab: {fileID: 100100000, guid: 24205d78376b01b4ba23ef99e932777e, type: 3}
--- !u!4 &5187953193322887558 stripped
Transform:
  m_CorrespondingSourceObject: {fileID: -4216859302048453862, guid: 24205d78376b01b4ba23ef99e932777e,
    type: 3}
  m_PrefabInstance: {fileID: 181827611180438172}
  m_PrefabAsset: {fileID: 0}
--- !u!1 &8188694391318891413 stripped
GameObject:
  m_CorrespondingSourceObject: {fileID: -927199367670048503, guid: 24205d78376b01b4ba23ef99e932777e,
    type: 3}
  m_PrefabInstance: {fileID: 181827611180438172}
  m_PrefabAsset: {fileID: 0}
--- !u!1001 &181827611484625429
PrefabInstance:
  m_ObjectHideFlags: 0
  serializedVersion: 2
  m_Modification:
    m_TransformParent: {fileID: 181827610597061395}
    m_Modifications:
    - target: {fileID: -4216859302048453862, guid: 24205d78376b01b4ba23ef99e932777e,
        type: 3}
      propertyPath: m_LocalPosition.x
      value: 42.827003
      objectReference: {fileID: 0}
    - target: {fileID: -4216859302048453862, guid: 24205d78376b01b4ba23ef99e932777e,
        type: 3}
      propertyPath: m_LocalPosition.y
      value: -0.35
      objectReference: {fileID: 0}
    - target: {fileID: -4216859302048453862, guid: 24205d78376b01b4ba23ef99e932777e,
        type: 3}
      propertyPath: m_LocalPosition.z
      value: -0.933
      objectReference: {fileID: 0}
    - target: {fileID: -4216859302048453862, guid: 24205d78376b01b4ba23ef99e932777e,
        type: 3}
      propertyPath: m_LocalRotation.x
      value: -0
      objectReference: {fileID: 0}
    - target: {fileID: -4216859302048453862, guid: 24205d78376b01b4ba23ef99e932777e,
        type: 3}
      propertyPath: m_LocalRotation.y
      value: 0.30367783
      objectReference: {fileID: 0}
    - target: {fileID: -4216859302048453862, guid: 24205d78376b01b4ba23ef99e932777e,
        type: 3}
      propertyPath: m_LocalRotation.z
      value: -0
      objectReference: {fileID: 0}
    - target: {fileID: -4216859302048453862, guid: 24205d78376b01b4ba23ef99e932777e,
        type: 3}
      propertyPath: m_LocalRotation.w
      value: 0.95277476
      objectReference: {fileID: 0}
    - target: {fileID: -4216859302048453862, guid: 24205d78376b01b4ba23ef99e932777e,
        type: 3}
      propertyPath: m_RootOrder
      value: 6
      objectReference: {fileID: 0}
    - target: {fileID: -4216859302048453862, guid: 24205d78376b01b4ba23ef99e932777e,
        type: 3}
      propertyPath: m_LocalEulerAnglesHint.x
      value: 0
      objectReference: {fileID: 0}
    - target: {fileID: -4216859302048453862, guid: 24205d78376b01b4ba23ef99e932777e,
        type: 3}
      propertyPath: m_LocalEulerAnglesHint.y
      value: 35.357002
      objectReference: {fileID: 0}
    - target: {fileID: -4216859302048453862, guid: 24205d78376b01b4ba23ef99e932777e,
        type: 3}
      propertyPath: m_LocalEulerAnglesHint.z
      value: 0
      objectReference: {fileID: 0}
    - target: {fileID: -927199367670048503, guid: 24205d78376b01b4ba23ef99e932777e,
        type: 3}
      propertyPath: m_Name
      value: bird (4)
      objectReference: {fileID: 0}
    m_RemovedComponents: []
  m_SourcePrefab: {fileID: 100100000, guid: 24205d78376b01b4ba23ef99e932777e, type: 3}
--- !u!4 &5187953193627136271 stripped
Transform:
  m_CorrespondingSourceObject: {fileID: -4216859302048453862, guid: 24205d78376b01b4ba23ef99e932777e,
    type: 3}
  m_PrefabInstance: {fileID: 181827611484625429}
  m_PrefabAsset: {fileID: 0}
--- !u!1001 &181827611706977480
PrefabInstance:
  m_ObjectHideFlags: 0
  serializedVersion: 2
  m_Modification:
    m_TransformParent: {fileID: 181827611764357260}
    m_Modifications:
    - target: {fileID: -4216859302048453862, guid: 24205d78376b01b4ba23ef99e932777e,
        type: 3}
      propertyPath: m_LocalPosition.x
      value: 16.2
      objectReference: {fileID: 0}
    - target: {fileID: -4216859302048453862, guid: 24205d78376b01b4ba23ef99e932777e,
        type: 3}
      propertyPath: m_LocalPosition.y
      value: 0.659
      objectReference: {fileID: 0}
    - target: {fileID: -4216859302048453862, guid: 24205d78376b01b4ba23ef99e932777e,
        type: 3}
      propertyPath: m_LocalPosition.z
      value: 0
      objectReference: {fileID: 0}
    - target: {fileID: -4216859302048453862, guid: 24205d78376b01b4ba23ef99e932777e,
        type: 3}
      propertyPath: m_LocalRotation.x
      value: -0
      objectReference: {fileID: 0}
    - target: {fileID: -4216859302048453862, guid: 24205d78376b01b4ba23ef99e932777e,
        type: 3}
      propertyPath: m_LocalRotation.y
      value: -0
      objectReference: {fileID: 0}
    - target: {fileID: -4216859302048453862, guid: 24205d78376b01b4ba23ef99e932777e,
        type: 3}
      propertyPath: m_LocalRotation.z
      value: -0
      objectReference: {fileID: 0}
    - target: {fileID: -4216859302048453862, guid: 24205d78376b01b4ba23ef99e932777e,
        type: 3}
      propertyPath: m_LocalRotation.w
      value: 1
      objectReference: {fileID: 0}
    - target: {fileID: -4216859302048453862, guid: 24205d78376b01b4ba23ef99e932777e,
        type: 3}
      propertyPath: m_RootOrder
      value: 0
      objectReference: {fileID: 0}
    - target: {fileID: -4216859302048453862, guid: 24205d78376b01b4ba23ef99e932777e,
        type: 3}
      propertyPath: m_LocalEulerAnglesHint.x
      value: 0
      objectReference: {fileID: 0}
    - target: {fileID: -4216859302048453862, guid: 24205d78376b01b4ba23ef99e932777e,
        type: 3}
      propertyPath: m_LocalEulerAnglesHint.y
      value: 0
      objectReference: {fileID: 0}
    - target: {fileID: -4216859302048453862, guid: 24205d78376b01b4ba23ef99e932777e,
        type: 3}
      propertyPath: m_LocalEulerAnglesHint.z
      value: 0
      objectReference: {fileID: 0}
    - target: {fileID: -927199367670048503, guid: 24205d78376b01b4ba23ef99e932777e,
        type: 3}
      propertyPath: m_Name
      value: bird (1)
      objectReference: {fileID: 0}
    m_RemovedComponents: []
  m_SourcePrefab: {fileID: 100100000, guid: 24205d78376b01b4ba23ef99e932777e, type: 3}
--- !u!4 &5187953193866184658 stripped
Transform:
  m_CorrespondingSourceObject: {fileID: -4216859302048453862, guid: 24205d78376b01b4ba23ef99e932777e,
    type: 3}
  m_PrefabInstance: {fileID: 181827611706977480}
  m_PrefabAsset: {fileID: 0}
--- !u!1 &8188694390771398081 stripped
GameObject:
  m_CorrespondingSourceObject: {fileID: -927199367670048503, guid: 24205d78376b01b4ba23ef99e932777e,
    type: 3}
  m_PrefabInstance: {fileID: 181827611706977480}
  m_PrefabAsset: {fileID: 0}
--- !u!1001 &1696975635344184999
PrefabInstance:
  m_ObjectHideFlags: 0
  serializedVersion: 2
  m_Modification:
    m_TransformParent: {fileID: 181827610597061395}
    m_Modifications:
    - target: {fileID: 6041496898304562908, guid: b6c7994032d82214eb8133f717580e33,
        type: 3}
      propertyPath: m_Name
      value: Voilier_avance (1)
      objectReference: {fileID: 0}
    - target: {fileID: 6041496898304562909, guid: b6c7994032d82214eb8133f717580e33,
        type: 3}
      propertyPath: m_LocalPosition.x
      value: 226.4
      objectReference: {fileID: 0}
    - target: {fileID: 6041496898304562909, guid: b6c7994032d82214eb8133f717580e33,
        type: 3}
      propertyPath: m_LocalPosition.y
      value: -2.5
      objectReference: {fileID: 0}
    - target: {fileID: 6041496898304562909, guid: b6c7994032d82214eb8133f717580e33,
        type: 3}
      propertyPath: m_LocalPosition.z
      value: -267.8
      objectReference: {fileID: 0}
    - target: {fileID: 6041496898304562909, guid: b6c7994032d82214eb8133f717580e33,
        type: 3}
      propertyPath: m_LocalRotation.x
      value: -0
      objectReference: {fileID: 0}
    - target: {fileID: 6041496898304562909, guid: b6c7994032d82214eb8133f717580e33,
        type: 3}
      propertyPath: m_LocalRotation.y
      value: 1
      objectReference: {fileID: 0}
    - target: {fileID: 6041496898304562909, guid: b6c7994032d82214eb8133f717580e33,
        type: 3}
      propertyPath: m_LocalRotation.z
      value: -0
      objectReference: {fileID: 0}
    - target: {fileID: 6041496898304562909, guid: b6c7994032d82214eb8133f717580e33,
        type: 3}
      propertyPath: m_LocalRotation.w
      value: 0
      objectReference: {fileID: 0}
    - target: {fileID: 6041496898304562909, guid: b6c7994032d82214eb8133f717580e33,
        type: 3}
      propertyPath: m_RootOrder
      value: 13
      objectReference: {fileID: 0}
    - target: {fileID: 6041496898304562909, guid: b6c7994032d82214eb8133f717580e33,
        type: 3}
      propertyPath: m_LocalEulerAnglesHint.x
      value: 0
      objectReference: {fileID: 0}
    - target: {fileID: 6041496898304562909, guid: b6c7994032d82214eb8133f717580e33,
        type: 3}
      propertyPath: m_LocalEulerAnglesHint.y
      value: 180
      objectReference: {fileID: 0}
    - target: {fileID: 6041496898304562909, guid: b6c7994032d82214eb8133f717580e33,
        type: 3}
      propertyPath: m_LocalEulerAnglesHint.z
      value: 0
      objectReference: {fileID: 0}
    m_RemovedComponents: []
  m_SourcePrefab: {fileID: 100100000, guid: b6c7994032d82214eb8133f717580e33, type: 3}
--- !u!4 &4925648480057131130 stripped
Transform:
  m_CorrespondingSourceObject: {fileID: 6041496898304562909, guid: b6c7994032d82214eb8133f717580e33,
    type: 3}
  m_PrefabInstance: {fileID: 1696975635344184999}
  m_PrefabAsset: {fileID: 0}
--- !u!1001 &3106095273179116607
PrefabInstance:
  m_ObjectHideFlags: 0
  serializedVersion: 2
  m_Modification:
    m_TransformParent: {fileID: 181827610597061395}
    m_Modifications:
    - target: {fileID: 3106095272659958382, guid: b593b08a650c5714ebe52a25791a2c49,
        type: 3}
      propertyPath: m_LocalPosition.x
      value: 14.3
      objectReference: {fileID: 0}
    - target: {fileID: 3106095272659958382, guid: b593b08a650c5714ebe52a25791a2c49,
        type: 3}
      propertyPath: m_LocalPosition.y
      value: -0.5
      objectReference: {fileID: 0}
    - target: {fileID: 3106095272659958382, guid: b593b08a650c5714ebe52a25791a2c49,
        type: 3}
      propertyPath: m_LocalPosition.z
      value: 30.9
      objectReference: {fileID: 0}
    - target: {fileID: 3106095272659958382, guid: b593b08a650c5714ebe52a25791a2c49,
        type: 3}
      propertyPath: m_LocalRotation.x
      value: 0
      objectReference: {fileID: 0}
    - target: {fileID: 3106095272659958382, guid: b593b08a650c5714ebe52a25791a2c49,
        type: 3}
      propertyPath: m_LocalRotation.y
      value: 0.7071068
      objectReference: {fileID: 0}
    - target: {fileID: 3106095272659958382, guid: b593b08a650c5714ebe52a25791a2c49,
        type: 3}
      propertyPath: m_LocalRotation.z
      value: 0
      objectReference: {fileID: 0}
    - target: {fileID: 3106095272659958382, guid: b593b08a650c5714ebe52a25791a2c49,
        type: 3}
      propertyPath: m_LocalRotation.w
      value: 0.70710677
      objectReference: {fileID: 0}
    - target: {fileID: 3106095272659958382, guid: b593b08a650c5714ebe52a25791a2c49,
        type: 3}
      propertyPath: m_RootOrder
      value: 19
      objectReference: {fileID: 0}
    - target: {fileID: 3106095272659958382, guid: b593b08a650c5714ebe52a25791a2c49,
        type: 3}
      propertyPath: m_LocalEulerAnglesHint.x
      value: 0
      objectReference: {fileID: 0}
    - target: {fileID: 3106095272659958382, guid: b593b08a650c5714ebe52a25791a2c49,
        type: 3}
      propertyPath: m_LocalEulerAnglesHint.y
      value: 90.00001
      objectReference: {fileID: 0}
    - target: {fileID: 3106095272659958382, guid: b593b08a650c5714ebe52a25791a2c49,
        type: 3}
      propertyPath: m_LocalEulerAnglesHint.z
      value: 0
      objectReference: {fileID: 0}
    - target: {fileID: 3106095272659958383, guid: b593b08a650c5714ebe52a25791a2c49,
        type: 3}
      propertyPath: m_Name
      value: Voiture holder
      objectReference: {fileID: 0}
    m_RemovedComponents: []
  m_SourcePrefab: {fileID: 100100000, guid: b593b08a650c5714ebe52a25791a2c49, type: 3}
--- !u!4 &557239889 stripped
Transform:
  m_CorrespondingSourceObject: {fileID: 3106095272659958382, guid: b593b08a650c5714ebe52a25791a2c49,
    type: 3}
  m_PrefabInstance: {fileID: 3106095273179116607}
  m_PrefabAsset: {fileID: 0}
--- !u!1001 &3399202085179932129
PrefabInstance:
  m_ObjectHideFlags: 0
  serializedVersion: 2
  m_Modification:
    m_TransformParent: {fileID: 181827610597061395}
    m_Modifications:
    - target: {fileID: 6041496898304562908, guid: b6c7994032d82214eb8133f717580e33,
        type: 3}
      propertyPath: m_Name
      value: Voilier_avance
      objectReference: {fileID: 0}
    - target: {fileID: 6041496898304562909, guid: b6c7994032d82214eb8133f717580e33,
        type: 3}
      propertyPath: m_LocalPosition.x
      value: 191
      objectReference: {fileID: 0}
    - target: {fileID: 6041496898304562909, guid: b6c7994032d82214eb8133f717580e33,
        type: 3}
      propertyPath: m_LocalPosition.y
      value: -2.5
      objectReference: {fileID: 0}
    - target: {fileID: 6041496898304562909, guid: b6c7994032d82214eb8133f717580e33,
        type: 3}
      propertyPath: m_LocalPosition.z
      value: 80.7
      objectReference: {fileID: 0}
    - target: {fileID: 6041496898304562909, guid: b6c7994032d82214eb8133f717580e33,
        type: 3}
      propertyPath: m_LocalRotation.x
      value: -0
      objectReference: {fileID: 0}
    - target: {fileID: 6041496898304562909, guid: b6c7994032d82214eb8133f717580e33,
        type: 3}
      propertyPath: m_LocalRotation.y
      value: -0
      objectReference: {fileID: 0}
    - target: {fileID: 6041496898304562909, guid: b6c7994032d82214eb8133f717580e33,
        type: 3}
      propertyPath: m_LocalRotation.z
      value: -0
      objectReference: {fileID: 0}
    - target: {fileID: 6041496898304562909, guid: b6c7994032d82214eb8133f717580e33,
        type: 3}
      propertyPath: m_LocalRotation.w
      value: 1
      objectReference: {fileID: 0}
    - target: {fileID: 6041496898304562909, guid: b6c7994032d82214eb8133f717580e33,
        type: 3}
      propertyPath: m_RootOrder
      value: 12
      objectReference: {fileID: 0}
    - target: {fileID: 6041496898304562909, guid: b6c7994032d82214eb8133f717580e33,
        type: 3}
      propertyPath: m_LocalEulerAnglesHint.x
      value: 0
      objectReference: {fileID: 0}
    - target: {fileID: 6041496898304562909, guid: b6c7994032d82214eb8133f717580e33,
        type: 3}
      propertyPath: m_LocalEulerAnglesHint.y
      value: 0
      objectReference: {fileID: 0}
    - target: {fileID: 6041496898304562909, guid: b6c7994032d82214eb8133f717580e33,
        type: 3}
      propertyPath: m_LocalEulerAnglesHint.z
      value: 0
      objectReference: {fileID: 0}
    m_RemovedComponents: []
  m_SourcePrefab: {fileID: 100100000, guid: b6c7994032d82214eb8133f717580e33, type: 3}
--- !u!4 &9006021824118254396 stripped
Transform:
  m_CorrespondingSourceObject: {fileID: 6041496898304562909, guid: b6c7994032d82214eb8133f717580e33,
    type: 3}
  m_PrefabInstance: {fileID: 3399202085179932129}
  m_PrefabAsset: {fileID: 0}
--- !u!1001 &3883617047638846800
PrefabInstance:
  m_ObjectHideFlags: 0
  serializedVersion: 2
  m_Modification:
    m_TransformParent: {fileID: 5456823017399350037}
    m_Modifications:
    - target: {fileID: -4216859302048453862, guid: 24205d78376b01b4ba23ef99e932777e,
        type: 3}
      propertyPath: m_LocalPosition.x
      value: 16.2
      objectReference: {fileID: 0}
    - target: {fileID: -4216859302048453862, guid: 24205d78376b01b4ba23ef99e932777e,
        type: 3}
      propertyPath: m_LocalPosition.y
      value: 0.659
      objectReference: {fileID: 0}
    - target: {fileID: -4216859302048453862, guid: 24205d78376b01b4ba23ef99e932777e,
        type: 3}
      propertyPath: m_LocalPosition.z
      value: 0
      objectReference: {fileID: 0}
    - target: {fileID: -4216859302048453862, guid: 24205d78376b01b4ba23ef99e932777e,
        type: 3}
      propertyPath: m_LocalRotation.x
      value: -0
      objectReference: {fileID: 0}
    - target: {fileID: -4216859302048453862, guid: 24205d78376b01b4ba23ef99e932777e,
        type: 3}
      propertyPath: m_LocalRotation.y
      value: -0
      objectReference: {fileID: 0}
    - target: {fileID: -4216859302048453862, guid: 24205d78376b01b4ba23ef99e932777e,
        type: 3}
      propertyPath: m_LocalRotation.z
      value: -0
      objectReference: {fileID: 0}
    - target: {fileID: -4216859302048453862, guid: 24205d78376b01b4ba23ef99e932777e,
        type: 3}
      propertyPath: m_LocalRotation.w
      value: 1
      objectReference: {fileID: 0}
    - target: {fileID: -4216859302048453862, guid: 24205d78376b01b4ba23ef99e932777e,
        type: 3}
      propertyPath: m_RootOrder
      value: 0
      objectReference: {fileID: 0}
    - target: {fileID: -4216859302048453862, guid: 24205d78376b01b4ba23ef99e932777e,
        type: 3}
      propertyPath: m_LocalEulerAnglesHint.x
      value: 0
      objectReference: {fileID: 0}
    - target: {fileID: -4216859302048453862, guid: 24205d78376b01b4ba23ef99e932777e,
        type: 3}
      propertyPath: m_LocalEulerAnglesHint.y
      value: 0
      objectReference: {fileID: 0}
    - target: {fileID: -4216859302048453862, guid: 24205d78376b01b4ba23ef99e932777e,
        type: 3}
      propertyPath: m_LocalEulerAnglesHint.z
      value: 0
      objectReference: {fileID: 0}
    - target: {fileID: -927199367670048503, guid: 24205d78376b01b4ba23ef99e932777e,
        type: 3}
      propertyPath: m_Name
      value: bird (1)
      objectReference: {fileID: 0}
    m_RemovedComponents: []
  m_SourcePrefab: {fileID: 100100000, guid: 24205d78376b01b4ba23ef99e932777e, type: 3}
--- !u!4 &8115440273497228874 stripped
Transform:
  m_CorrespondingSourceObject: {fileID: -4216859302048453862, guid: 24205d78376b01b4ba23ef99e932777e,
    type: 3}
  m_PrefabInstance: {fileID: 3883617047638846800}
  m_PrefabAsset: {fileID: 0}
--- !u!1 &5099354843896968281 stripped
GameObject:
  m_CorrespondingSourceObject: {fileID: -927199367670048503, guid: 24205d78376b01b4ba23ef99e932777e,
    type: 3}
  m_PrefabInstance: {fileID: 3883617047638846800}
  m_PrefabAsset: {fileID: 0}
--- !u!1001 &8041647642677438819
PrefabInstance:
  m_ObjectHideFlags: 0
  serializedVersion: 2
  m_Modification:
    m_TransformParent: {fileID: 181827610597061395}
    m_Modifications:
    - target: {fileID: 2069482072053314109, guid: 866c9839ad033ab478fcf0cc96a97dea,
        type: 3}
      propertyPath: m_Name
      value: pecheur
      objectReference: {fileID: 0}
    - target: {fileID: 3090348001039745070, guid: 866c9839ad033ab478fcf0cc96a97dea,
        type: 3}
      propertyPath: m_LocalPosition.x
      value: -13.38
      objectReference: {fileID: 0}
    - target: {fileID: 3090348001039745070, guid: 866c9839ad033ab478fcf0cc96a97dea,
        type: 3}
      propertyPath: m_LocalPosition.y
      value: -0.46953356
      objectReference: {fileID: 0}
    - target: {fileID: 3090348001039745070, guid: 866c9839ad033ab478fcf0cc96a97dea,
        type: 3}
      propertyPath: m_LocalPosition.z
      value: -23.35
      objectReference: {fileID: 0}
    - target: {fileID: 3090348001039745070, guid: 866c9839ad033ab478fcf0cc96a97dea,
        type: 3}
      propertyPath: m_LocalRotation.x
      value: -0
      objectReference: {fileID: 0}
    - target: {fileID: 3090348001039745070, guid: 866c9839ad033ab478fcf0cc96a97dea,
        type: 3}
      propertyPath: m_LocalRotation.y
      value: -0.9986636
      objectReference: {fileID: 0}
    - target: {fileID: 3090348001039745070, guid: 866c9839ad033ab478fcf0cc96a97dea,
        type: 3}
      propertyPath: m_LocalRotation.z
      value: -0
      objectReference: {fileID: 0}
    - target: {fileID: 3090348001039745070, guid: 866c9839ad033ab478fcf0cc96a97dea,
        type: 3}
      propertyPath: m_LocalRotation.w
      value: -0.05168209
      objectReference: {fileID: 0}
    - target: {fileID: 3090348001039745070, guid: 866c9839ad033ab478fcf0cc96a97dea,
        type: 3}
      propertyPath: m_RootOrder
      value: 9
      objectReference: {fileID: 0}
    - target: {fileID: 3090348001039745070, guid: 866c9839ad033ab478fcf0cc96a97dea,
        type: 3}
      propertyPath: m_LocalEulerAnglesHint.x
      value: 0
      objectReference: {fileID: 0}
    - target: {fileID: 3090348001039745070, guid: 866c9839ad033ab478fcf0cc96a97dea,
        type: 3}
      propertyPath: m_LocalEulerAnglesHint.y
      value: -185.92499
      objectReference: {fileID: 0}
    - target: {fileID: 3090348001039745070, guid: 866c9839ad033ab478fcf0cc96a97dea,
        type: 3}
      propertyPath: m_LocalEulerAnglesHint.z
      value: 0
      objectReference: {fileID: 0}
    m_RemovedComponents: []
  m_SourcePrefab: {fileID: 100100000, guid: 866c9839ad033ab478fcf0cc96a97dea, type: 3}
--- !u!4 &5006512735265319245 stripped
Transform:
  m_CorrespondingSourceObject: {fileID: 3090348001039745070, guid: 866c9839ad033ab478fcf0cc96a97dea,
    type: 3}
  m_PrefabInstance: {fileID: 8041647642677438819}
  m_PrefabAsset: {fileID: 0}
--- !u!114 &338069977
MonoBehaviour:
  m_ObjectHideFlags: 0
  m_CorrespondingSourceObject: {fileID: 0}
  m_PrefabInstance: {fileID: 0}
  m_PrefabAsset: {fileID: 0}
  m_GameObject: {fileID: 0}
  m_Enabled: 1
  m_EditorHideFlags: 0
  m_Script: {fileID: 11500000, guid: 2671a5cfd598a3b4f83e3109cb1672a6, type: 3}
  m_Name: 
  m_EditorClassIdentifier: 
  Timer: 10
  PecheurAnimator: {fileID: 0}
--- !u!114 &181827610246269397
MonoBehaviour:
  m_ObjectHideFlags: 0
  m_CorrespondingSourceObject: {fileID: 0}
  m_PrefabInstance: {fileID: 0}
  m_PrefabAsset: {fileID: 0}
  m_GameObject: {fileID: 0}
  m_Enabled: 1
  m_EditorHideFlags: 0
  m_Script: {fileID: 11500000, guid: 953531b99e69a254ca373db38233432c, type: 3}
  m_Name: 
  m_EditorClassIdentifier: 
  P_Anim: {fileID: 0}
  AnimSelector: 0
  IsFlying: 0
  FlyingPoint: {fileID: 0}
  rotatingspeed: 0
--- !u!114 &181827610351206606
MonoBehaviour:
  m_ObjectHideFlags: 0
  m_CorrespondingSourceObject: {fileID: 0}
  m_PrefabInstance: {fileID: 0}
  m_PrefabAsset: {fileID: 0}
  m_GameObject: {fileID: 0}
  m_Enabled: 1
  m_EditorHideFlags: 0
  m_Script: {fileID: 11500000, guid: 953531b99e69a254ca373db38233432c, type: 3}
  m_Name: 
  m_EditorClassIdentifier: 
  P_Anim: {fileID: 0}
  AnimSelector: 0
  IsFlying: 0
  FlyingPoint: {fileID: 0}
  rotatingspeed: 0
--- !u!114 &181827611484625424
MonoBehaviour:
  m_ObjectHideFlags: 0
  m_CorrespondingSourceObject: {fileID: 0}
  m_PrefabInstance: {fileID: 0}
  m_PrefabAsset: {fileID: 0}
  m_GameObject: {fileID: 0}
  m_Enabled: 1
  m_EditorHideFlags: 0
  m_Script: {fileID: 11500000, guid: 953531b99e69a254ca373db38233432c, type: 3}
  m_Name: 
  m_EditorClassIdentifier: 
  P_Anim: {fileID: 0}
  AnimSelector: 0
  IsFlying: 0
  FlyingPoint: {fileID: 0}
  rotatingspeed: 0
